Date and Time,Bid Size,Bid Price,Ask Size,Ask Price,Exchange,Bid Exchange,Ask Exchange
03/01/2013 09:30:00,8,18.33,1,20.87,Z,Z,Z
03/01/2013 09:30:00,8,18.33,2,20.09,Z,Z,Z
03/01/2013 09:30:00,8,18.33,8,19.92,Z,Z,Z
03/01/2013 09:30:00,4,18.7,8,19.92,Z,Z,Z
03/01/2013 09:30:00,4,18.7,6,19.39,Z,Z,Z
03/01/2013 09:30:00,1,13.5,0,0,K,K,K
03/01/2013 09:30:00,1,13.5,1,24.96,K,K,K
03/01/2013 09:30:00,1,13.5,1,24.96,J,J,J
03/01/2013 09:30:01,4,18.7,1,19.38,Z,Z,Z
03/01/2013 09:30:08,1,18.55,1,20.68,W,W,W
03/01/2013 09:30:08,1,18.55,1,19.57,W,W,W
03/01/2013 09:31:06,1,17.61,1,19.57,W,W,W
03/01/2013 09:31:06,1,17.61,1,20.68,W,W,W
03/01/2013 09:31:06,4,18.46,1,20.68,W,W,W
03/01/2013 09:31:06,4,18.46,4,19.67,W,W,W
03/01/2013 09:31:24,4,18.7,1,19.39,Z,Z,Z
03/01/2013 09:31:24,4,18.7,1,19.55,Z,Z,Z
03/01/2013 09:31:25,12,18.74,1,19.49,T,T,T
03/01/2013 09:31:25,4,18.7,6,19.39,Z,Z,Z
03/01/2013 09:31:25,4,18.7,5,19.39,Z,Z,Z
03/01/2013 09:31:25,1,18.65,5,19.39,Z,Z,Z
03/01/2013 09:31:25,1,18.65,1,19.55,Z,Z,Z
03/01/2013 09:31:25,4,18.7,1,19.55,Z,Z,Z
03/01/2013 09:31:25,4,18.7,1,19.38,Z,Z,Z
03/01/2013 09:31:25,12,18.74,4,19.5,T,T,T
03/01/2013 09:31:25,12,18.74,1,19.37,T,T,T
03/01/2013 09:33:22,4,18.7,6,19.39,Z,Z,Z
03/01/2013 09:33:22,12,18.74,4,19.5,T,T,T
03/01/2013 09:33:23,4,18.7,3,19.28,Z,Z,Z
03/01/2013 09:33:23,3,18.21,1,20.63,Y,Y,Y
03/01/2013 09:33:23,4,18.46,5,19.67,W,W,W
03/01/2013 09:33:24,2,18.74,3,19.28,Z,Z,Z
03/01/2013 09:33:29,2,18.74,1,19.55,Z,Z,Z
03/01/2013 09:33:29,3,18.21,1,20.87,Y,Y,Y
03/01/2013 09:33:29,4,18.46,4,19.67,W,W,W
03/01/2013 09:33:29,2,18.74,3,19.29,Z,Z,Z
03/01/2013 09:33:29,3,18.21,1,20.65,Y,Y,Y
03/01/2013 09:33:36,2,18.74,1,19.55,Z,Z,Z
03/01/2013 09:33:36,3,18.21,1,20.87,Y,Y,Y
03/01/2013 09:33:36,2,18.74,3,19.29,Z,Z,Z
03/01/2013 09:33:36,3,18.21,1,20.65,Y,Y,Y
03/01/2013 09:33:43,2,18.74,1,19.55,Z,Z,Z
03/01/2013 09:33:43,3,18.21,1,20.87,Y,Y,Y
03/01/2013 09:33:43,2,18.74,3,19.29,Z,Z,Z
03/01/2013 09:33:43,3,18.21,1,20.65,Y,Y,Y
03/01/2013 09:33:50,2,18.74,1,19.55,Z,Z,Z
03/01/2013 09:33:50,3,18.21,1,20.87,Y,Y,Y
03/01/2013 09:33:50,2,18.74,3,19.29,Z,Z,Z
03/01/2013 09:33:50,3,18.21,1,20.65,Y,Y,Y
03/01/2013 09:33:57,2,18.74,1,19.55,Z,Z,Z
03/01/2013 09:33:57,3,18.21,1,20.87,Y,Y,Y
03/01/2013 09:33:57,2,18.74,3,19.29,Z,Z,Z
03/01/2013 09:33:57,3,18.21,1,20.65,Y,Y,Y
03/01/2013 09:34:01,2,18.74,10,19.29,Z,Z,Z
03/01/2013 09:34:04,2,18.74,9,19.29,Z,Z,Z
03/01/2013 09:34:04,6,18.83,1,18.93,N,N,N
03/01/2013 09:34:04,1,17.42,1,20.65,J,J,J
03/01/2013 09:34:04,1,17.42,1,20.65,K,K,K
03/01/2013 09:34:04,12,18.74,3,19.15,T,T,T
03/01/2013 09:34:04,3,18.21,1,20.26,Y,Y,Y
03/01/2013 09:34:04,1,17.42,1,20.26,J,J,J
03/01/2013 09:34:04,1,17.42,1,20.26,K,K,K
03/01/2013 09:34:04,2,18.74,3,19.15,Z,Z,Z
03/01/2013 09:34:04,3,18.71,3,19.15,P,P,P
03/01/2013 09:34:04,4,18.46,1,19.68,W,W,W
03/01/2013 09:34:04,1,18.36,1,19.68,W,W,W
03/01/2013 09:34:04,4,18.55,1,19.68,W,W,W
03/01/2013 09:34:04,4,18.55,4,19.21,W,W,W
03/01/2013 09:34:04,6,18.83,3,18.95,N,N,N
03/01/2013 09:34:04,6,18.83,4,18.95,N,N,N
03/01/2013 09:34:04,1,18.84,4,18.95,N,N,N
03/01/2013 09:34:04,3,18.71,3,19.15,Z,Z,Z
03/01/2013 09:34:04,1,18.85,4,18.95,N,N,N
03/01/2013 09:34:04,3,18.71,1,19,Z,Z,Z
03/01/2013 09:34:04,1,18.75,1,19,Z,Z,Z
03/01/2013 09:34:05,6,18.83,3,19.15,P,P,P
03/01/2013 09:34:07,6,18.83,1,18.94,P,P,P
03/01/2013 09:34:07,1,18.85,4,18.95,N,N,N
03/01/2013 09:34:07,1,18.85,1,19,Z,Z,Z
03/01/2013 09:34:08,6,18.83,4,19.15,P,P,P
03/01/2013 09:34:08,6,18.83,3,19.15,P,P,P
03/01/2013 09:34:08,1,18.75,1,19,Z,Z,Z
03/01/2013 09:34:08,1,18.85,4,18.95,N,N,N
03/01/2013 09:34:15,1,18.85,3,18.95,N,N,N
03/01/2013 09:34:15,1,18.85,3,18.95,N,N,N
03/01/2013 09:34:24,12,18.74,4,19.5,T,T,T
03/01/2013 09:34:24,1,18.85,3,18.95,N,N,N
03/01/2013 09:34:27,1,18.85,3,18.95,N,N,N
03/01/2013 09:34:27,1,18.85,4,18.95,N,N,N
03/01/2013 09:34:35,1,18.85,3,18.95,N,N,N
03/01/2013 09:34:38,1,18.85,3,18.95,N,N,N
03/01/2013 09:34:42,1,18.85,2,18.95,N,N,N
03/01/2013 09:34:42,1,18.85,2,18.95,N,N,N
03/01/2013 09:34:42,1,18.86,1,19,Z,Z,Z
03/01/2013 09:34:42,1,18.86,2,18.95,N,N,N
03/01/2013 09:34:54,2,18.86,2,18.95,N,N,N
03/01/2013 09:34:54,1,18.87,2,18.95,N,N,N
03/01/2013 09:34:54,1,18.8,1,19,Z,Z,Z
03/01/2013 09:35:00,6,18.83,60,19.66,P,P,P
03/01/2013 09:35:28,1,18.87,8,18.97,N,N,N
03/01/2013 09:35:28,1,18.8,1,19.55,Z,Z,Z
03/01/2013 09:35:28,1,18.87,8,18.97,N,N,N
03/01/2013 09:35:28,1,18.8,8,19.35,Z,Z,Z
03/01/2013 09:35:28,12,18.74,13,19.35,T,T,T
03/01/2013 09:35:28,1,18.8,10,19.29,Z,Z,Z
03/01/2013 09:35:28,1,18.8,8,19.35,Z,Z,Z
03/01/2013 09:35:28,1,18.8,10,19.29,Z,Z,Z
03/01/2013 09:35:28,1,18.87,1,18.96,N,N,N
03/01/2013 09:35:28,1,18.87,10,19.29,Z,Z,Z
03/01/2013 09:35:28,1,18.87,1,19.05,Z,Z,Z
03/01/2013 09:35:33,12,18.74,4,19.5,T,T,T
03/01/2013 09:35:51,1,18.87,8,18.97,N,N,N
03/01/2013 09:35:51,1,18.87,8,18.97,N,N,N
03/01/2013 09:35:52,1,18.8,1,19.05,Z,Z,Z
03/01/2013 09:35:53,1,18.87,9,18.97,N,N,N
03/01/2013 09:35:53,0,0,1,19.09,B,B,B
03/01/2013 09:35:55,1,18.86,9,18.97,N,N,N
03/01/2013 09:35:55,1,18.75,1,19.05,Z,Z,Z
03/01/2013 09:35:55,1,18.86,1,18.96,N,N,N
03/01/2013 09:35:55,2,18.86,1,18.96,N,N,N
03/01/2013 09:35:55,1,18.87,1,19.05,Z,Z,Z
03/01/2013 09:35:55,0,0,0,0,B,B,B
03/01/2013 09:35:55,2,18.86,8,18.97,N,N,N
03/01/2013 09:35:55,1,18.87,8,18.97,N,N,N
03/01/2013 09:35:55,0,0,1,19.09,B,B,B
03/01/2013 09:35:55,1,18.75,1,19.05,Z,Z,Z
03/01/2013 09:35:55,1,18.86,8,18.97,N,N,N
03/01/2013 09:35:56,1,18.86,1,18.96,N,N,N
03/01/2013 09:35:57,1,18.87,1,18.96,N,N,N
03/01/2013 09:35:57,1,18.87,8,18.97,N,N,N
03/01/2013 09:35:57,1,18.86,8,18.97,N,N,N
03/01/2013 09:35:57,0,0,1,19.08,B,B,B
03/01/2013 09:35:57,1,18.86,8,18.97,N,N,N
03/01/2013 09:35:57,1,18.87,8,18.97,N,N,N
03/01/2013 09:35:57,0,0,1,19.07,B,B,B
03/01/2013 09:35:57,1,18.8,1,19.05,Z,Z,Z
03/01/2013 09:35:57,0,0,1,19.06,B,B,B
03/01/2013 09:36:03,0,0,1,19.07,B,B,B
03/01/2013 09:36:03,0,0,1,19.09,B,B,B
03/01/2013 09:36:03,0,0,1,19.07,B,B,B
03/01/2013 09:36:03,1,18.87,9,18.97,N,N,N
03/01/2013 09:36:03,0,0,1,19.05,B,B,B
03/01/2013 09:36:03,0,0,1,19.04,B,B,B
03/01/2013 09:36:05,1,18.87,1,18.96,N,N,N
03/01/2013 09:36:05,0,0,1,19.05,B,B,B
03/01/2013 09:36:05,0,0,0,0,B,B,B
03/01/2013 09:37:19,1,18.87,8,18.97,N,N,N
03/01/2013 09:37:19,0,0,1,19.07,B,B,B
03/01/2013 09:37:20,1,18.87,8,18.97,N,N,N
03/01/2013 09:37:26,1,18.87,9,18.97,N,N,N
03/01/2013 09:37:26,0,0,1,19.04,B,B,B
03/01/2013 09:37:41,0,0,1,19.05,B,B,B
03/01/2013 09:37:43,0,0,1,19.04,B,B,B
03/01/2013 09:37:48,1,18.87,8,18.97,N,N,N
03/01/2013 09:37:48,0,0,1,19.07,B,B,B
03/01/2013 09:38:28,1,18.87,6,18.97,N,N,N
03/01/2013 09:38:28,1,18.87,5,18.97,N,N,N
03/01/2013 09:38:28,0,0,1,19.08,B,B,B
03/01/2013 09:38:28,1,18.84,5,18.97,N,N,N
03/01/2013 09:38:28,1,18.75,1,19.05,Z,Z,Z
03/01/2013 09:38:28,1,18.84,5,18.97,N,N,N
03/01/2013 09:38:29,1,18.84,6,18.97,N,N,N
03/01/2013 09:38:29,0,0,1,19.07,B,B,B
03/01/2013 09:38:37,2,18.84,6,18.97,N,N,N
03/01/2013 09:38:37,0,0,1,19.09,B,B,B
03/01/2013 09:38:37,1,18.85,6,18.97,N,N,N
03/01/2013 09:38:37,0,0,1,19.08,B,B,B
03/01/2013 09:38:37,1,18.84,6,18.97,N,N,N
03/01/2013 09:38:37,0,0,0,0,B,B,B
03/01/2013 09:38:37,1,18.77,0,0,B,B,B
03/01/2013 09:38:37,1,18.78,0,0,B,B,B
03/01/2013 09:38:38,0,0,0,0,B,B,B
03/01/2013 09:38:38,0,0,1,19.08,B,B,B
03/01/2013 09:38:39,0,0,1,19.07,B,B,B
03/01/2013 09:38:41,0,0,1,19.09,B,B,B
03/01/2013 09:38:41,0,0,1,19.08,B,B,B
03/01/2013 09:38:45,0,0,1,19.07,B,B,B
03/01/2013 09:38:47,1,18.84,5,18.97,N,N,N
03/01/2013 09:38:48,0,0,1,19.08,B,B,B
03/01/2013 09:39:03,1,18.75,1,18.98,Z,Z,Z
03/01/2013 09:39:06,0,0,1,19.07,B,B,B
03/01/2013 09:39:16,0,0,1,19.08,B,B,B
03/01/2013 09:39:20,1,18.84,5,18.97,N,N,N
03/01/2013 09:39:20,1,18.83,5,18.97,N,N,N
03/01/2013 09:39:20,1,18.76,1,19.08,B,B,B
03/01/2013 09:39:20,8,18.81,5,18.97,N,N,N
03/01/2013 09:39:20,1,18.76,0,0,B,B,B
03/01/2013 09:39:20,1,18.85,1,18.98,Z,Z,Z
03/01/2013 09:39:20,1,18.8,60,19.66,P,P,P
03/01/2013 09:39:20,1,18.78,0,0,B,B,B
03/01/2013 09:39:20,8,18.81,1,18.96,N,N,N
03/01/2013 09:39:20,1,18.79,0,0,B,B,B
03/01/2013 09:39:20,1,18.82,1,18.98,Z,Z,Z
03/01/2013 09:39:20,1,18.8,0,0,B,B,B
03/01/2013 09:39:21,1,18.75,1,18.98,Z,Z,Z
03/01/2013 09:39:21,1,18.75,1,18.96,Z,Z,Z
03/01/2013 09:39:21,1,18.75,1,18.98,Z,Z,Z
03/01/2013 09:39:26,1,18.81,1,18.98,Z,Z,Z
03/01/2013 09:40:00,1,18.81,1,18.95,Z,Z,Z
03/01/2013 09:40:00,8,18.81,1,18.96,N,N,N
03/01/2013 09:40:00,1,18.81,1,19.05,Z,Z,Z
03/01/2013 09:40:00,8,18.81,4,18.97,N,N,N
03/01/2013 09:40:00,1,18.81,0,0,B,B,B
03/01/2013 09:40:00,1,18.82,1,19.05,Z,Z,Z
03/01/2013 09:40:00,8,18.81,4,18.97,N,N,N
03/01/2013 09:40:00,1,18.82,1,18.95,Z,Z,Z
03/01/2013 09:40:00,1,18.82,1,19.05,Z,Z,Z
03/01/2013 09:40:00,1,18.82,1,18.95,Z,Z,Z
03/01/2013 09:40:00,1,18.82,1,18.96,N,N,N
03/01/2013 09:40:00,1,18.83,1,18.95,Z,Z,Z
03/01/2013 09:40:00,8,18.81,4,18.97,N,N,N
03/01/2013 09:40:01,1,18.82,1,18.95,Z,Z,Z
03/01/2013 09:40:01,8,18.81,1,18.95,N,N,N
03/01/2013 09:40:02,8,18.81,1,18.95,N,N,N
03/01/2013 09:40:02,1,18.82,1,18.95,N,N,N
03/01/2013 09:40:02,1,18.82,0,0,B,B,B
03/01/2013 09:40:02,1,18.83,1,18.95,Z,Z,Z
03/01/2013 09:40:02,1,18.82,1,18.96,N,N,N
03/01/2013 09:40:02,1,18.83,4,18.97,N,N,N
03/01/2013 09:40:02,1,18.79,0,0,B,B,B
03/01/2013 09:40:02,1,18.83,4,18.97,N,N,N
03/01/2013 09:40:03,1,18.8,0,0,B,B,B
03/01/2013 09:40:24,2,18.83,4,18.97,N,N,N
03/01/2013 09:40:30,0,0,0,0,B,B,B
03/01/2013 09:40:35,5,18.83,60,19.66,P,P,P
03/01/2013 09:40:35,1,18.84,4,18.97,N,N,N
03/01/2013 09:40:35,0,0,1,19.03,B,B,B
03/01/2013 09:40:35,1,18.75,1,18.95,Z,Z,Z
03/01/2013 09:40:35,5,18.84,60,19.66,P,P,P
03/01/2013 09:40:35,54,18.64,0,0,C,C,C
03/01/2013 09:40:35,1,18.79,1,19.03,B,B,B
03/01/2013 09:40:35,1,18.79,1,19.07,B,B,B
03/01/2013 09:40:35,1,18.85,4,18.97,N,N,N
03/01/2013 09:40:35,1,18.79,1,19.06,B,B,B
03/01/2013 09:40:35,5,18.85,60,19.66,P,P,P
03/01/2013 09:40:35,1,18.86,4,18.97,N,N,N
03/01/2013 09:40:35,1,18.79,1,19.05,B,B,B
03/01/2013 09:40:35,1,18.8,1,19.05,B,B,B
03/01/2013 09:40:35,5,18.86,60,19.66,P,P,P
03/01/2013 09:40:35,1,18.8,1,18.95,Z,Z,Z
03/01/2013 09:40:36,54,18.64,3,19.56,C,C,C
03/01/2013 09:40:46,8,18.81,4,18.97,N,N,N
03/01/2013 09:40:46,1,18.8,1,19.07,B,B,B
03/01/2013 09:40:46,5,18.81,60,19.66,P,P,P
03/01/2013 09:40:46,1,18.75,1,18.95,Z,Z,Z
03/01/2013 09:40:46,8,18.81,4,18.97,N,N,N
03/01/2013 09:40:46,1,18.82,4,18.97,N,N,N
03/01/2013 09:40:46,5,18.82,60,19.66,P,P,P
03/01/2013 09:40:46,1,18.82,1,18.95,N,N,N
03/01/2013 09:40:47,1,18.83,1,18.95,N,N,N
03/01/2013 09:40:47,1,18.81,1,19.07,B,B,B
03/01/2013 09:40:47,5,18.83,60,19.66,P,P,P
03/01/2013 09:40:56,1,18.84,1,18.95,N,N,N
03/01/2013 09:40:56,5,18.84,60,19.66,P,P,P
03/01/2013 09:40:56,1,18.85,4,18.97,N,N,N
03/01/2013 09:40:56,1,18.84,4,18.97,N,N,N
03/01/2013 09:40:56,1,18.81,1,19.06,B,B,B
03/01/2013 09:40:56,1,18.79,1,19.06,B,B,B
03/01/2013 09:40:56,1,18.85,4,18.97,N,N,N
03/01/2013 09:40:56,1,18.79,1,19.05,B,B,B
03/01/2013 09:40:56,5,18.85,60,19.66,P,P,P
03/01/2013 09:40:56,1,18.86,4,18.97,N,N,N
03/01/2013 09:40:56,5,18.86,60,19.66,P,P,P
03/01/2013 09:40:56,1,18.8,1,18.95,Z,Z,Z
03/01/2013 09:40:57,1,18.79,1,19.04,B,B,B
03/01/2013 09:40:57,1,18.79,1,19.05,B,B,B
03/01/2013 09:41:40,8,18.81,4,18.97,N,N,N
03/01/2013 09:41:40,1,18.8,1,19.05,B,B,B
03/01/2013 09:41:40,5,18.81,60,19.66,P,P,P
03/01/2013 09:41:40,8,18.81,1,18.95,N,N,N
03/01/2013 09:41:40,1,18.75,1,18.95,Z,Z,Z
03/01/2013 09:41:40,8,18.81,1,18.95,N,N,N
03/01/2013 09:41:40,1,18.8,0,0,B,B,B
03/01/2013 09:41:40,1,18.81,0,0,B,B,B
03/01/2013 09:41:40,1,18.82,1,18.95,Z,Z,Z
03/01/2013 09:41:40,1,18.82,1,18.95,N,N,N
03/01/2013 09:41:40,1,18.8,0,0,B,B,B
03/01/2013 09:41:40,5,18.82,60,19.66,P,P,P
03/01/2013 09:41:40,1,18.83,1,18.95,Z,Z,Z
03/01/2013 09:41:40,8,18.81,1,18.95,N,N,N
03/01/2013 09:41:40,1,18.81,0,0,B,B,B
03/01/2013 09:41:40,5,18.83,60,19.66,P,P,P
03/01/2013 09:41:41,1,18.83,1,18.95,N,N,N
03/01/2013 09:41:41,1,18.8,0,0,B,B,B
03/01/2013 09:41:43,1,18.84,1,18.95,N,N,N
03/01/2013 09:41:43,1,18.75,1,18.95,Z,Z,Z
03/01/2013 09:41:43,5,18.84,60,19.66,P,P,P
03/01/2013 09:41:43,1,18.85,1,18.95,N,N,N
03/01/2013 09:41:43,5,18.85,60,19.66,P,P,P
03/01/2013 09:41:43,1,18.8,1,18.95,Z,Z,Z
03/01/2013 09:41:44,1,18.81,0,0,B,B,B
03/01/2013 09:41:58,1,18.85,4,18.97,N,N,N
03/01/2013 09:41:58,1,18.79,0,0,B,B,B
03/01/2013 09:41:58,1,18.79,1,19.05,B,B,B
03/01/2013 09:42:09,8,18.81,4,18.97,N,N,N
03/01/2013 09:42:09,1,18.8,1,19.05,B,B,B
03/01/2013 09:42:09,5,18.81,60,19.66,P,P,P
03/01/2013 09:42:09,8,18.81,1,18.95,N,N,N
03/01/2013 09:42:09,1,18.75,1,18.95,Z,Z,Z
03/01/2013 09:42:09,8,18.81,1,18.95,N,N,N
03/01/2013 09:42:09,1,18.8,0,0,B,B,B
03/01/2013 09:42:09,1,18.81,0,0,B,B,B
03/01/2013 09:42:09,1,18.82,1,18.95,N,N,N
03/01/2013 09:42:09,1,18.79,0,0,B,B,B
03/01/2013 09:42:09,5,18.82,60,19.66,P,P,P
03/01/2013 09:42:09,1,18.8,0,0,B,B,B
03/01/2013 09:42:10,1,18.83,1,18.95,N,N,N
03/01/2013 09:42:10,5,18.83,60,19.66,P,P,P
03/01/2013 09:42:10,1,18.81,0,0,B,B,B
03/01/2013 09:42:30,8,18.81,4,18.97,N,N,N
03/01/2013 09:42:30,1,18.81,1,19.07,B,B,B
03/01/2013 09:42:30,8,18.81,1,18.95,N,N,N
03/01/2013 09:42:30,5,18.81,60,19.66,P,P,P
03/01/2013 09:42:30,1,18.82,1,18.95,N,N,N
03/01/2013 09:42:30,5,18.82,60,19.66,P,P,P
03/01/2013 09:42:31,1,18.83,1,18.95,N,N,N
03/01/2013 09:42:31,5,18.83,60,19.66,P,P,P
03/01/2013 09:42:32,1,18.82,1,19.07,B,B,B
03/01/2013 09:42:32,8,18.81,1,18.95,N,N,N
03/01/2013 09:42:32,5,18.82,60,19.66,P,P,P
03/01/2013 09:42:32,1,18.83,1,18.95,Z,Z,Z
03/01/2013 09:42:33,1,18.83,1,18.95,N,N,N
03/01/2013 09:42:33,1,18.75,1,18.95,Z,Z,Z
03/01/2013 09:42:34,1,18.82,0,0,B,B,B
03/01/2013 09:42:35,8,18.81,1,18.95,N,N,N
03/01/2013 09:42:35,1,18.82,1,18.95,N,N,N
03/01/2013 09:42:36,1,18.83,1,18.95,N,N,N
03/01/2013 09:42:36,5,18.83,60,19.66,P,P,P
03/01/2013 09:42:36,8,18.81,1,18.95,N,N,N
03/01/2013 09:42:36,5,18.82,60,19.66,P,P,P
03/01/2013 09:42:37,1,18.83,1,18.95,N,N,N
03/01/2013 09:42:37,5,18.83,60,19.66,P,P,P
03/01/2013 09:42:37,8,18.81,1,18.95,N,N,N
03/01/2013 09:42:37,5,18.82,60,19.66,P,P,P
03/01/2013 09:42:39,1,18.83,1,18.95,N,N,N
03/01/2013 09:42:39,5,18.83,60,19.66,P,P,P
03/01/2013 09:42:39,8,18.81,1,18.95,N,N,N
03/01/2013 09:42:39,5,18.82,60,19.66,P,P,P
03/01/2013 09:42:40,1,18.83,1,18.95,N,N,N
03/01/2013 09:42:40,5,18.83,60,19.66,P,P,P
03/01/2013 09:42:40,8,18.81,1,18.95,N,N,N
03/01/2013 09:42:40,5,18.82,60,19.66,P,P,P
03/01/2013 09:42:41,1,18.83,1,18.95,N,N,N
03/01/2013 09:42:41,5,18.83,60,19.66,P,P,P
03/01/2013 09:42:41,8,18.81,1,18.95,N,N,N
03/01/2013 09:42:41,5,18.82,60,19.66,P,P,P
03/01/2013 09:42:42,1,18.83,1,18.95,N,N,N
03/01/2013 09:42:42,5,18.83,60,19.66,P,P,P
03/01/2013 09:42:42,8,18.81,1,18.95,N,N,N
03/01/2013 09:42:42,5,18.82,60,19.66,P,P,P
03/01/2013 09:42:43,1,18.83,1,18.95,N,N,N
03/01/2013 09:42:43,5,18.83,60,19.66,P,P,P
03/01/2013 09:42:43,8,18.81,1,18.95,N,N,N
03/01/2013 09:42:44,5,18.82,60,19.66,P,P,P
03/01/2013 09:42:45,1,18.83,1,18.95,N,N,N
03/01/2013 09:42:45,5,18.83,60,19.66,P,P,P
03/01/2013 09:42:45,8,18.81,1,18.95,N,N,N
03/01/2013 09:42:45,5,18.82,60,19.66,P,P,P
03/01/2013 09:42:46,1,18.83,1,18.95,N,N,N
03/01/2013 09:42:46,5,18.83,60,19.66,P,P,P
03/01/2013 09:42:46,8,18.81,1,18.95,N,N,N
03/01/2013 09:42:46,5,18.82,60,19.66,P,P,P
03/01/2013 09:42:47,1,18.83,1,18.95,N,N,N
03/01/2013 09:42:47,5,18.83,60,19.66,P,P,P
03/01/2013 09:42:47,8,18.81,1,18.95,N,N,N
03/01/2013 09:42:47,5,18.82,60,19.66,P,P,P
03/01/2013 09:42:48,1,18.83,1,18.95,N,N,N
03/01/2013 09:42:48,5,18.83,60,19.66,P,P,P
03/01/2013 09:42:48,8,18.81,1,18.95,N,N,N
03/01/2013 09:42:48,5,18.82,60,19.66,P,P,P
03/01/2013 09:42:49,1,18.81,0,0,B,B,B
03/01/2013 09:42:49,5,18.81,60,19.66,P,P,P
03/01/2013 09:42:50,1,18.82,1,18.95,N,N,N
03/01/2013 09:42:50,5,18.82,60,19.66,P,P,P
03/01/2013 09:42:50,1,18.83,1,18.95,N,N,N
03/01/2013 09:42:50,5,18.83,60,19.66,P,P,P
03/01/2013 09:42:52,1,18.75,1,18.9,Z,Z,Z
03/01/2013 09:42:52,1,18.83,1,18.95,N,N,N
03/01/2013 09:42:52,1,18.75,1,18.95,Z,Z,Z
03/01/2013 09:42:52,1,18.83,1,18.95,N,N,N
03/01/2013 09:42:53,1,18.75,2,18.9,Z,Z,Z
03/01/2013 09:42:53,1,18.83,4,18.97,N,N,N
03/01/2013 09:42:53,1,18.83,4,18.97,N,N,N
03/01/2013 09:42:53,1,18.79,0,0,B,B,B
03/01/2013 09:42:53,1,18.79,1,19.06,B,B,B
03/01/2013 09:42:53,8,18.81,4,18.97,N,N,N
03/01/2013 09:42:53,1,18.81,1,19.06,B,B,B
03/01/2013 09:42:53,1,18.81,1,19.08,B,B,B
03/01/2013 09:42:53,5,18.81,60,19.66,P,P,P
03/01/2013 09:42:53,8,18.81,1,18.9,N,N,N
03/01/2013 09:42:53,8,18.81,1,18.9,N,N,N
03/01/2013 09:42:53,1,18.81,0,0,B,B,B
03/01/2013 09:43:26,8,18.81,4,18.97,N,N,N
03/01/2013 09:43:26,1,18.81,1,19.08,B,B,B
03/01/2013 09:43:26,1,18.82,4,18.97,N,N,N
03/01/2013 09:43:26,1,18.82,2,18.9,Z,Z,Z
03/01/2013 09:43:26,1,18.8,1,19.08,B,B,B
03/01/2013 09:43:26,1,18.8,1,19.06,B,B,B
03/01/2013 09:43:26,1,18.75,2,18.9,Z,Z,Z
03/01/2013 09:43:26,5,18.82,60,19.66,P,P,P
03/01/2013 09:43:26,8,18.81,4,18.97,N,N,N
03/01/2013 09:43:26,1,18.81,1,19.06,B,B,B
03/01/2013 09:43:26,1,18.81,1,19.08,B,B,B
03/01/2013 09:43:26,5,18.81,60,19.66,P,P,P
03/01/2013 09:43:27,1,18.75,1,18.89,Z,Z,Z
03/01/2013 09:43:27,1,18.82,4,18.97,N,N,N
03/01/2013 09:43:27,1,18.8,1,19.08,B,B,B
03/01/2013 09:43:27,1,18.8,1,19.07,B,B,B
03/01/2013 09:43:27,5,18.82,60,19.66,P,P,P
03/01/2013 09:43:27,8,18.81,4,18.97,N,N,N
03/01/2013 09:43:27,1,18.8,1,19.08,B,B,B
03/01/2013 09:43:27,1,18.81,1,19.08,B,B,B
03/01/2013 09:43:27,5,18.81,60,19.66,P,P,P
03/01/2013 09:43:28,1,18.82,4,18.97,N,N,N
03/01/2013 09:43:28,1,18.8,1,19.08,B,B,B
03/01/2013 09:43:28,1,18.8,1,19.07,B,B,B
03/01/2013 09:43:28,5,18.82,60,19.66,P,P,P
03/01/2013 09:43:28,8,18.81,4,18.97,N,N,N
03/01/2013 09:43:28,1,18.81,1,19.07,B,B,B
03/01/2013 09:43:28,1,18.81,1,19.08,B,B,B
03/01/2013 09:43:28,5,18.81,60,19.66,P,P,P
03/01/2013 09:43:29,1,18.82,4,18.97,N,N,N
03/01/2013 09:43:29,1,18.81,1,19.07,B,B,B
03/01/2013 09:43:29,1,18.8,1,19.07,B,B,B
03/01/2013 09:43:29,5,18.82,60,19.66,P,P,P
03/01/2013 09:43:29,8,18.81,4,18.97,N,N,N
03/01/2013 09:43:29,1,18.81,1,19.07,B,B,B
03/01/2013 09:43:29,1,18.81,1,19.08,B,B,B
03/01/2013 09:43:30,5,18.81,60,19.66,P,P,P
03/01/2013 09:43:31,1,18.82,4,18.97,N,N,N
03/01/2013 09:43:31,1,18.8,1,19.08,B,B,B
03/01/2013 09:43:31,1,18.8,1,19.07,B,B,B
03/01/2013 09:43:31,5,18.82,60,19.66,P,P,P
03/01/2013 09:43:31,8,18.81,4,18.97,N,N,N
03/01/2013 09:43:31,1,18.81,1,19.07,B,B,B
03/01/2013 09:43:31,1,18.81,1,19.08,B,B,B
03/01/2013 09:43:31,5,18.81,60,19.66,P,P,P
03/01/2013 09:43:32,1,18.82,4,18.97,N,N,N
03/01/2013 09:43:32,1,18.79,1,19.08,B,B,B
03/01/2013 09:43:32,1,18.79,1,19.06,B,B,B
03/01/2013 09:43:32,5,18.82,60,19.66,P,P,P
03/01/2013 09:43:32,8,18.81,4,18.97,N,N,N
03/01/2013 09:43:32,1,18.81,1,19.06,B,B,B
03/01/2013 09:43:32,1,18.81,1,19.08,B,B,B
03/01/2013 09:43:32,5,18.81,60,19.66,P,P,P
03/01/2013 09:43:33,1,18.82,4,18.97,N,N,N
03/01/2013 09:43:33,1,18.79,1,19.08,B,B,B
03/01/2013 09:43:33,1,18.79,1,19.07,B,B,B
03/01/2013 09:43:33,5,18.82,60,19.66,P,P,P
03/01/2013 09:43:33,8,18.81,4,18.97,N,N,N
03/01/2013 09:43:33,1,18.81,1,19.07,B,B,B
03/01/2013 09:43:33,5,18.81,60,19.66,P,P,P
03/01/2013 09:43:34,1,18.82,4,18.97,N,N,N
03/01/2013 09:43:34,1,18.79,1,19.07,B,B,B
03/01/2013 09:43:34,5,18.82,60,19.66,P,P,P
03/01/2013 09:43:34,8,18.81,4,18.97,N,N,N
03/01/2013 09:43:34,1,18.81,1,19.07,B,B,B
03/01/2013 09:43:34,5,18.81,60,19.66,P,P,P
03/01/2013 09:43:35,1,18.82,4,18.97,N,N,N
03/01/2013 09:43:35,1,18.79,1,19.07,B,B,B
03/01/2013 09:43:35,5,18.82,60,19.66,P,P,P
03/01/2013 09:43:36,8,18.81,4,18.97,N,N,N
03/01/2013 09:43:36,1,18.8,1,19.07,B,B,B
03/01/2013 09:43:36,5,18.81,60,19.66,P,P,P
03/01/2013 09:43:36,1,18.81,1,19.07,B,B,B
03/01/2013 09:43:37,1,18.82,4,18.97,N,N,N
03/01/2013 09:43:37,1,18.79,1,19.07,B,B,B
03/01/2013 09:43:37,5,18.82,60,19.66,P,P,P
03/01/2013 09:43:37,8,18.81,4,18.97,N,N,N
03/01/2013 09:43:37,1,18.8,1,19.07,B,B,B
03/01/2013 09:43:37,5,18.81,60,19.66,P,P,P
03/01/2013 09:43:37,150,17.56,1,20.26,K,K,K
03/01/2013 09:43:37,2,18.6,1,20.26,K,K,K
03/01/2013 09:43:38,1,18.82,4,18.97,N,N,N
03/01/2013 09:43:38,5,18.82,60,19.66,P,P,P
03/01/2013 09:43:38,8,18.81,4,18.97,N,N,N
03/01/2013 09:43:38,5,18.81,60,19.66,P,P,P
03/01/2013 09:43:39,1,18.82,4,18.97,N,N,N
03/01/2013 09:43:39,5,18.82,60,19.66,P,P,P
03/01/2013 09:43:39,8,18.81,4,18.97,N,N,N
03/01/2013 09:43:39,5,18.81,60,19.66,P,P,P
03/01/2013 09:43:40,1,18.82,4,18.97,N,N,N
03/01/2013 09:43:40,5,18.82,60,19.66,P,P,P
03/01/2013 09:43:40,8,18.81,4,18.97,N,N,N
03/01/2013 09:43:40,5,18.81,60,19.66,P,P,P
03/01/2013 09:43:42,1,18.82,4,18.97,N,N,N
03/01/2013 09:43:42,5,18.82,60,19.66,P,P,P
03/01/2013 09:43:42,8,18.81,4,18.97,N,N,N
03/01/2013 09:43:42,5,18.81,60,19.66,P,P,P
03/01/2013 09:43:43,1,18.82,4,18.97,N,N,N
03/01/2013 09:43:44,5,18.82,60,19.66,P,P,P
03/01/2013 09:43:44,8,18.81,4,18.97,N,N,N
03/01/2013 09:43:44,5,18.81,60,19.66,P,P,P
03/01/2013 09:43:45,1,18.82,4,18.97,N,N,N
03/01/2013 09:43:45,5,18.82,60,19.66,P,P,P
03/01/2013 09:43:45,8,18.81,4,18.97,N,N,N
03/01/2013 09:43:45,5,18.81,60,19.66,P,P,P
03/01/2013 09:43:46,1,18.82,4,18.97,N,N,N
03/01/2013 09:43:46,5,18.82,60,19.66,P,P,P
03/01/2013 09:43:46,8,18.81,4,18.97,N,N,N
03/01/2013 09:43:46,5,18.81,60,19.66,P,P,P
03/01/2013 09:43:47,1,18.82,4,18.97,N,N,N
03/01/2013 09:43:47,5,18.82,60,19.66,P,P,P
03/01/2013 09:43:47,8,18.81,4,18.97,N,N,N
03/01/2013 09:43:47,5,18.81,60,19.66,P,P,P
03/01/2013 09:43:48,1,18.82,4,18.97,N,N,N
03/01/2013 09:43:48,5,18.82,60,19.66,P,P,P
03/01/2013 09:43:48,8,18.81,4,18.97,N,N,N
03/01/2013 09:43:48,1,18.79,1,19.07,B,B,B
03/01/2013 09:43:49,5,18.81,60,19.66,P,P,P
03/01/2013 09:43:52,8,18.81,4,18.97,N,N,N
03/01/2013 09:43:53,1,18.79,1,19.06,B,B,B
03/01/2013 09:43:56,6,18.83,4,18.97,N,N,N
03/01/2013 09:43:56,1,18.81,1,19.06,B,B,B
03/01/2013 09:43:56,1,18.81,1,19.09,B,B,B
03/01/2013 09:43:56,5,18.83,60,19.66,P,P,P
03/01/2013 09:44:08,1,18.81,1,19.08,B,B,B
03/01/2013 09:44:44,1,18.81,1,19.09,B,B,B
03/01/2013 09:45:13,1,18.82,1,19.09,B,B,B
03/01/2013 09:45:20,1,18.75,3,18.89,Z,Z,Z
03/01/2013 09:45:51,1,18.75,1,18.89,Z,Z,Z
03/01/2013 09:45:51,1,18.75,1,18.9,Z,Z,Z
03/01/2013 09:45:52,1,18.75,1,19.05,Z,Z,Z
03/01/2013 09:45:52,1,18.84,4,18.97,N,N,N
03/01/2013 09:45:52,1,18.79,1,19.09,B,B,B
03/01/2013 09:45:52,1,18.79,1,19.07,B,B,B
03/01/2013 09:45:52,1,18.84,3,18.97,N,N,N
03/01/2013 09:45:52,1,18.75,1,18.89,Z,Z,Z
03/01/2013 09:45:52,1,18.75,1,19.05,Z,Z,Z
03/01/2013 09:45:52,1,18.75,1,18.89,Z,Z,Z
03/01/2013 09:45:52,5,18.84,60,19.66,P,P,P
03/01/2013 09:45:52,6,18.83,3,18.97,N,N,N
03/01/2013 09:45:52,1,18.79,0,0,B,B,B
03/01/2013 09:45:52,1,18.82,0,0,B,B,B
03/01/2013 09:45:52,5,18.83,60,19.66,P,P,P
03/01/2013 09:45:54,1,18.82,1,19.09,B,B,B
03/01/2013 09:46:16,1,18.75,1,18.9,Z,Z,Z
03/01/2013 09:46:16,1,18.84,3,18.97,N,N,N
03/01/2013 09:46:16,1,18.79,1,19.09,B,B,B
03/01/2013 09:46:16,1,18.79,1,19.07,B,B,B
03/01/2013 09:46:16,1,18.84,1,18.9,Z,Z,Z
03/01/2013 09:46:16,1,18.75,1,18.9,Z,Z,Z
03/01/2013 09:46:16,5,18.84,60,19.66,P,P,P
03/01/2013 09:46:16,6,18.83,3,18.97,N,N,N
03/01/2013 09:46:16,5,18.83,60,19.66,P,P,P
03/01/2013 09:46:17,1,18.75,1,18.86,Z,Z,Z
03/01/2013 09:46:17,1,18.75,1,19.05,Z,Z,Z
03/01/2013 09:46:17,6,18.83,3,18.97,N,N,N
03/01/2013 09:46:17,1,18.84,1,19.05,Z,Z,Z
03/01/2013 09:46:17,1,18.84,1,18.89,Z,Z,Z
03/01/2013 09:46:17,1,18.84,1,18.9,Z,Z,Z
03/01/2013 09:46:17,1,18.75,1,18.9,Z,Z,Z
03/01/2013 09:46:18,1,18.75,1,18.89,Z,Z,Z
03/01/2013 09:46:34,1,18.79,1,19.06,B,B,B
03/01/2013 09:47:26,1,18.79,1,19.07,B,B,B
03/01/2013 09:47:29,1,18.79,1,19.06,B,B,B
03/01/2013 09:47:56,1,18.78,1,19.06,B,B,B
03/01/2013 09:48:04,1,18.79,1,19.06,B,B,B
03/01/2013 09:48:54,1,18.78,1,19.06,B,B,B
03/01/2013 09:48:54,1,18.83,4,19.5,T,T,T
03/01/2013 09:48:54,1,18.81,1,19.06,B,B,B
03/01/2013 09:48:54,1,18.81,1,19.09,B,B,B
03/01/2013 09:49:33,1,18.82,1,19.09,B,B,B
03/01/2013 09:51:14,1,18.75,1,19.05,Z,Z,Z
03/01/2013 09:51:14,1,18.75,1,18.89,Z,Z,Z
03/01/2013 09:51:14,1,18.75,1,19.05,Z,Z,Z
03/01/2013 09:51:14,1,18.84,1,19.05,Z,Z,Z
03/01/2013 09:51:14,1,18.84,1,18.89,Z,Z,Z
03/01/2013 09:51:14,1,18.84,1,19.05,Z,Z,Z
03/01/2013 09:51:14,1,18.75,1,19.05,Z,Z,Z
03/01/2013 09:51:14,1,18.75,1,18.89,Z,Z,Z
03/01/2013 09:51:14,1,18.84,1,18.89,Z,Z,Z
03/01/2013 09:51:14,1,18.75,1,18.89,Z,Z,Z
03/01/2013 09:51:21,1,18.82,0,0,B,B,B
03/01/2013 09:51:36,1,18.82,1,19.09,B,B,B
03/01/2013 09:51:50,1,18.75,1,19.05,Z,Z,Z
03/01/2013 09:51:50,1,18.84,1,19.05,Z,Z,Z
03/01/2013 09:51:50,1,18.84,1,18.89,Z,Z,Z
03/01/2013 09:51:50,1,18.75,1,18.89,Z,Z,Z
03/01/2013 09:53:00,3,18.83,4,19.5,T,T,T
03/01/2013 09:53:01,1,18.82,0,0,B,B,B
03/01/2013 09:53:32,1,18.83,0,0,B,B,B
03/01/2013 09:53:33,6,18.83,3,18.98,N,N,N
03/01/2013 09:53:36,1,18.84,1,18.89,Z,Z,Z
03/01/2013 09:53:36,5,18.84,60,19.66,P,P,P
03/01/2013 09:54:00,1,18.75,1,18.89,Z,Z,Z
03/01/2013 09:54:00,5,18.83,60,19.66,P,P,P
03/01/2013 09:54:33,4,18.83,4,19.5,T,T,T
03/01/2013 09:54:38,6,18.7,1,18.89,Z,Z,Z
03/01/2013 09:54:46,6,18.7,1,18.97,Z,Z,Z
03/01/2013 09:54:46,10,18.62,1,18.97,Z,Z,Z
03/01/2013 09:54:46,10,18.54,1,18.97,Z,Z,Z
03/01/2013 09:54:46,10,18.54,1,19.88,Z,Z,Z
03/01/2013 09:54:46,2,17.88,1,19.88,Z,Z,Z
03/01/2013 09:54:46,6,18.83,1,18.97,N,N,N
03/01/2013 09:54:46,1,18.84,1,18.97,N,N,N
03/01/2013 09:54:46,1,18.81,0,0,B,B,B
03/01/2013 09:54:46,1,17.89,1,19.88,Z,Z,Z
03/01/2013 09:54:46,1,18.84,3,18.98,N,N,N
03/01/2013 09:54:46,1,18.81,1,19.09,B,B,B
03/01/2013 09:54:46,5,18.84,60,19.66,P,P,P
03/01/2013 09:54:46,1,18.85,3,18.98,N,N,N
03/01/2013 09:54:46,1,18.81,1,19.08,B,B,B
03/01/2013 09:54:46,2,18.83,4,19.5,T,T,T
03/01/2013 09:54:46,1,18.8,1,19.08,B,B,B
03/01/2013 09:54:46,1,18.83,4,19.5,T,T,T
03/01/2013 09:54:46,12,18.74,4,19.5,T,T,T
03/01/2013 09:54:46,1,18.78,1,19.08,B,B,B
03/01/2013 09:54:46,1,17.9,1,19.88,Z,Z,Z
03/01/2013 09:54:46,1,18.78,1,19.06,B,B,B
03/01/2013 09:54:46,5,18.85,60,19.66,P,P,P
03/01/2013 09:54:46,1,18.86,3,18.98,N,N,N
03/01/2013 09:54:46,1,17.91,1,19.88,Z,Z,Z
03/01/2013 09:54:46,5,18.86,60,19.66,P,P,P
03/01/2013 09:54:46,6,18.83,3,18.98,N,N,N
03/01/2013 09:54:46,1,18.78,0,0,B,B,B
03/01/2013 09:54:46,1,18.83,0,0,B,B,B
03/01/2013 09:54:46,5,18.83,60,19.66,P,P,P
03/01/2013 09:54:46,2,17.88,1,19.88,Z,Z,Z
03/01/2013 09:54:46,10,18.71,1,19.88,Z,Z,Z
03/01/2013 09:54:46,10,18.71,1,18.91,Z,Z,Z
03/01/2013 09:54:47,1,18.84,3,18.98,N,N,N
03/01/2013 09:54:47,1,18.83,1,19.07,B,B,B
03/01/2013 09:54:47,1,18.79,1,19.07,B,B,B
03/01/2013 09:54:47,2,18.83,4,19.5,T,T,T
03/01/2013 09:54:47,6,18.83,3,18.98,N,N,N
03/01/2013 09:54:47,1,18.79,0,0,B,B,B
03/01/2013 09:54:47,1,18.83,0,0,B,B,B
03/01/2013 09:54:48,1,18.84,3,18.98,N,N,N
03/01/2013 09:54:48,1,18.8,0,0,B,B,B
03/01/2013 09:54:48,1,18.8,1,19.08,B,B,B
03/01/2013 09:54:48,5,18.84,60,19.66,P,P,P
03/01/2013 09:54:48,1,18.8,0,0,B,B,B
03/01/2013 09:54:48,1,18.83,0,0,B,B,B
03/01/2013 09:54:48,6,18.83,3,18.98,N,N,N
03/01/2013 09:54:48,5,18.83,60,19.66,P,P,P
03/01/2013 09:54:49,1,18.84,3,18.98,N,N,N
03/01/2013 09:54:49,1,18.8,0,0,B,B,B
03/01/2013 09:54:49,1,18.8,1,19.08,B,B,B
03/01/2013 09:54:49,5,18.84,60,19.66,P,P,P
03/01/2013 09:54:49,6,18.83,3,18.98,N,N,N
03/01/2013 09:54:49,1,18.8,0,0,B,B,B
03/01/2013 09:54:49,1,18.83,0,0,B,B,B
03/01/2013 09:54:49,5,18.83,60,19.66,P,P,P
03/01/2013 09:54:51,1,18.84,3,18.98,N,N,N
03/01/2013 09:54:51,1,18.8,0,0,B,B,B
03/01/2013 09:54:51,1,18.8,1,19.08,B,B,B
03/01/2013 09:54:51,5,18.84,60,19.66,P,P,P
03/01/2013 09:54:51,6,18.83,3,18.98,N,N,N
03/01/2013 09:54:51,1,18.8,0,0,B,B,B
03/01/2013 09:54:51,1,18.83,0,0,B,B,B
03/01/2013 09:54:51,5,18.83,60,19.66,P,P,P
03/01/2013 09:54:52,1,18.84,3,18.98,N,N,N
03/01/2013 09:54:52,1,18.8,0,0,B,B,B
03/01/2013 09:54:52,1,18.8,1,19.08,B,B,B
03/01/2013 09:54:52,6,18.83,3,18.98,N,N,N
03/01/2013 09:54:52,1,18.8,0,0,B,B,B
03/01/2013 09:54:52,1,18.83,0,0,B,B,B
03/01/2013 09:54:53,1,18.84,3,18.98,N,N,N
03/01/2013 09:54:53,1,18.8,0,0,B,B,B
03/01/2013 09:54:53,1,18.8,1,19.08,B,B,B
03/01/2013 09:54:53,6,18.83,3,18.98,N,N,N
03/01/2013 09:54:53,1,18.8,0,0,B,B,B
03/01/2013 09:54:53,1,18.83,0,0,B,B,B
03/01/2013 09:54:54,1,18.84,3,18.98,N,N,N
03/01/2013 09:54:54,1,18.8,0,0,B,B,B
03/01/2013 09:54:54,1,18.8,1,19.08,B,B,B
03/01/2013 09:54:54,5,18.84,60,19.66,P,P,P
03/01/2013 09:54:54,6,18.83,3,18.98,N,N,N
03/01/2013 09:54:54,1,18.8,0,0,B,B,B
03/01/2013 09:54:54,1,18.83,0,0,B,B,B
03/01/2013 09:54:54,5,18.83,60,19.66,P,P,P
03/01/2013 09:54:55,1,18.84,3,18.98,N,N,N
03/01/2013 09:54:55,1,18.8,0,0,B,B,B
03/01/2013 09:54:55,1,18.8,1,19.08,B,B,B
03/01/2013 09:54:55,6,18.83,3,18.98,N,N,N
03/01/2013 09:54:55,1,18.83,1,19.08,B,B,B
03/01/2013 09:54:55,1,18.83,0,0,B,B,B
03/01/2013 09:54:56,1,18.84,3,18.98,N,N,N
03/01/2013 09:54:56,1,18.8,0,0,B,B,B
03/01/2013 09:54:56,1,18.8,1,19.08,B,B,B
03/01/2013 09:54:56,6,18.83,3,18.98,N,N,N
03/01/2013 09:54:56,1,18.8,0,0,B,B,B
03/01/2013 09:54:56,1,18.83,0,0,B,B,B
03/01/2013 09:54:57,1,18.84,3,18.98,N,N,N
03/01/2013 09:54:57,1,18.8,0,0,B,B,B
03/01/2013 09:54:57,1,18.8,1,19.08,B,B,B
03/01/2013 09:54:57,5,18.84,60,19.66,P,P,P
03/01/2013 09:54:57,6,18.83,3,18.98,N,N,N
03/01/2013 09:54:57,1,18.8,0,0,B,B,B
03/01/2013 09:54:57,1,18.83,0,0,B,B,B
03/01/2013 09:54:57,5,18.83,60,19.66,P,P,P
03/01/2013 09:54:58,1,18.84,3,18.98,N,N,N
03/01/2013 09:54:58,1,18.79,0,0,B,B,B
03/01/2013 09:54:58,1,18.79,1,19.07,B,B,B
03/01/2013 09:54:58,5,18.84,60,19.66,P,P,P
03/01/2013 09:54:58,1,18.83,1,19.07,B,B,B
03/01/2013 09:54:58,1,18.83,0,0,B,B,B
03/01/2013 09:54:58,6,18.83,3,18.98,N,N,N
03/01/2013 09:54:59,5,18.83,60,19.66,P,P,P
03/01/2013 09:55:00,1,18.84,3,18.98,N,N,N
03/01/2013 09:55:00,1,18.79,0,0,B,B,B
03/01/2013 09:55:00,1,18.79,1,19.07,B,B,B
03/01/2013 09:55:00,5,18.84,60,19.66,P,P,P
03/01/2013 09:55:00,6,18.83,3,18.98,N,N,N
03/01/2013 09:55:00,1,18.79,0,0,B,B,B
03/01/2013 09:55:00,1,18.83,0,0,B,B,B
03/01/2013 09:55:00,5,18.83,60,19.66,P,P,P
03/01/2013 09:55:01,1,18.84,3,18.98,N,N,N
03/01/2013 09:55:01,1,18.79,0,0,B,B,B
03/01/2013 09:55:01,1,18.79,1,19.07,B,B,B
03/01/2013 09:55:01,1,18.8,1,19.07,B,B,B
03/01/2013 09:55:01,6,18.83,3,18.98,N,N,N
03/01/2013 09:55:01,1,18.8,0,0,B,B,B
03/01/2013 09:55:01,1,18.83,0,0,B,B,B
03/01/2013 09:55:02,1,18.84,3,18.98,N,N,N
03/01/2013 09:55:02,1,18.83,1,19.07,B,B,B
03/01/2013 09:55:02,1,18.79,1,19.07,B,B,B
03/01/2013 09:55:02,5,18.84,60,19.66,P,P,P
03/01/2013 09:55:02,6,18.83,3,18.98,N,N,N
03/01/2013 09:55:02,1,18.79,0,0,B,B,B
03/01/2013 09:55:02,1,18.83,0,0,B,B,B
03/01/2013 09:55:02,5,18.83,60,19.66,P,P,P
03/01/2013 09:55:03,1,18.79,0,0,B,B,B
03/01/2013 09:55:03,1,18.79,1,19.07,B,B,B
03/01/2013 09:55:03,1,18.84,3,18.98,N,N,N
03/01/2013 09:55:03,6,18.83,3,18.98,N,N,N
03/01/2013 09:55:03,1,18.79,0,0,B,B,B
03/01/2013 09:55:03,1,18.83,0,0,B,B,B
03/01/2013 09:55:04,1,18.75,1,18.91,Z,Z,Z
03/01/2013 09:55:04,1,18.84,3,18.98,N,N,N
03/01/2013 09:55:04,1,18.79,0,0,B,B,B
03/01/2013 09:55:04,1,18.79,1,19.07,B,B,B
03/01/2013 09:55:04,5,18.84,60,19.66,P,P,P
03/01/2013 09:55:04,6,18.83,3,18.98,N,N,N
03/01/2013 09:55:04,1,18.79,0,0,B,B,B
03/01/2013 09:55:04,1,18.83,0,0,B,B,B
03/01/2013 09:55:04,5,18.83,60,19.66,P,P,P
03/01/2013 09:55:05,1,18.84,3,18.98,N,N,N
03/01/2013 09:55:05,1,18.79,0,0,B,B,B
03/01/2013 09:55:05,1,18.79,1,19.07,B,B,B
03/01/2013 09:55:05,6,18.83,3,18.98,N,N,N
03/01/2013 09:55:05,1,18.79,1,19.09,B,B,B
03/01/2013 09:55:05,1,18.81,1,19.09,B,B,B
03/01/2013 09:55:14,1,17.42,1,20.26,Y,Y,Y
03/01/2013 09:55:24,1,18.82,1,19.09,B,B,B
03/01/2013 09:55:43,1,18.81,1,19.09,B,B,B
03/01/2013 09:56:12,1,18.82,1,19.09,B,B,B
03/01/2013 09:57:48,1,18.81,1,19.09,B,B,B
03/01/2013 09:57:55,1,18.82,1,19.09,B,B,B
03/01/2013 09:58:16,1,18.8,1,19.09,B,B,B
03/01/2013 09:58:16,1,18.8,1,19.01,B,B,B
03/01/2013 09:58:16,4,18.83,4,19.5,T,T,T
03/01/2013 09:58:16,1,18.8,1,19.04,B,B,B
03/01/2013 09:58:16,1,18.83,1,19.04,B,B,B
03/01/2013 09:58:16,1,18.84,3,18.98,N,N,N
03/01/2013 09:58:16,1,18.79,1,19.04,B,B,B
03/01/2013 09:58:16,1,18.79,1,19,B,B,B
03/01/2013 09:58:16,6,18.83,3,18.98,N,N,N
03/01/2013 09:58:16,1,18.83,1,19,B,B,B
03/01/2013 09:58:16,1,18.83,1,19.04,B,B,B
03/01/2013 09:58:17,1,18.84,3,18.98,N,N,N
03/01/2013 09:58:17,1,18.79,1,19.04,B,B,B
03/01/2013 09:58:17,1,18.79,1,19,B,B,B
03/01/2013 09:58:17,6,18.83,3,18.98,N,N,N
03/01/2013 09:58:17,1,18.83,1,19,B,B,B
03/01/2013 09:58:17,1,18.83,1,19.04,B,B,B
03/01/2013 09:58:18,1,18.84,3,18.98,N,N,N
03/01/2013 09:58:18,1,18.79,1,19.04,B,B,B
03/01/2013 09:58:18,1,18.79,1,19,B,B,B
03/01/2013 09:58:18,6,18.83,3,18.98,N,N,N
03/01/2013 09:58:18,1,18.83,1,19,B,B,B
03/01/2013 09:58:18,1,18.83,1,19.04,B,B,B
03/01/2013 09:58:19,1,18.84,3,18.98,N,N,N
03/01/2013 09:58:20,1,18.79,1,19.04,B,B,B
03/01/2013 09:58:20,1,18.79,1,19,B,B,B
03/01/2013 09:58:20,6,18.83,3,18.98,N,N,N
03/01/2013 09:58:20,1,18.83,1,19,B,B,B
03/01/2013 09:58:20,1,18.83,1,19.04,B,B,B
03/01/2013 09:58:21,1,18.84,3,18.98,N,N,N
03/01/2013 09:58:21,1,18.79,1,19.04,B,B,B
03/01/2013 09:58:21,1,18.79,1,19,B,B,B
03/01/2013 09:58:21,6,18.83,3,18.98,N,N,N
03/01/2013 09:58:21,1,18.83,1,19,B,B,B
03/01/2013 09:58:21,1,18.83,1,19.04,B,B,B
03/01/2013 09:58:22,1,18.84,3,18.98,N,N,N
03/01/2013 09:58:22,1,18.79,1,19.04,B,B,B
03/01/2013 09:58:22,1,18.79,1,19,B,B,B
03/01/2013 09:58:22,6,18.83,3,18.98,N,N,N
03/01/2013 09:58:22,1,18.83,1,19,B,B,B
03/01/2013 09:58:22,1,18.83,1,19.04,B,B,B
03/01/2013 09:58:23,1,18.84,3,18.98,N,N,N
03/01/2013 09:58:23,1,18.79,1,19.04,B,B,B
03/01/2013 09:58:23,1,18.79,1,19,B,B,B
03/01/2013 09:58:23,5,18.84,60,19.66,P,P,P
03/01/2013 09:58:23,6,18.83,3,18.98,N,N,N
03/01/2013 09:58:23,1,18.83,1,19,B,B,B
03/01/2013 09:58:23,1,18.83,1,19.04,B,B,B
03/01/2013 09:58:23,5,18.83,60,19.66,P,P,P
03/01/2013 09:58:24,1,18.84,3,18.98,N,N,N
03/01/2013 09:58:24,1,18.83,1,19,B,B,B
03/01/2013 09:58:24,1,18.79,1,19,B,B,B
03/01/2013 09:58:24,5,18.84,60,19.66,P,P,P
03/01/2013 09:58:24,6,18.83,3,18.98,N,N,N
03/01/2013 09:58:24,1,18.83,1,19,B,B,B
03/01/2013 09:58:24,1,18.83,1,19.04,B,B,B
03/01/2013 09:58:24,5,18.83,60,19.66,P,P,P
03/01/2013 09:58:25,1,18.84,3,18.98,N,N,N
03/01/2013 09:58:25,1,18.79,1,19.04,B,B,B
03/01/2013 09:58:25,1,18.79,1,19,B,B,B
03/01/2013 09:58:25,5,18.84,60,19.66,P,P,P
03/01/2013 09:58:25,6,18.83,3,18.98,N,N,N
03/01/2013 09:58:25,1,18.79,1,19.04,B,B,B
03/01/2013 09:58:25,1,18.83,1,19.04,B,B,B
03/01/2013 09:58:25,5,18.83,60,19.66,P,P,P
03/01/2013 09:58:26,1,18.84,3,18.98,N,N,N
03/01/2013 09:58:26,1,18.79,1,19.04,B,B,B
03/01/2013 09:58:26,1,18.79,1,19,B,B,B
03/01/2013 09:58:26,6,18.83,3,18.98,N,N,N
03/01/2013 09:58:26,1,18.79,1,19.04,B,B,B
03/01/2013 09:58:26,1,18.83,1,19.04,B,B,B
03/01/2013 09:58:27,1,18.84,3,18.98,N,N,N
03/01/2013 09:58:27,1,18.79,1,19.04,B,B,B
03/01/2013 09:58:27,1,18.79,1,19,B,B,B
03/01/2013 09:58:28,6,18.83,3,18.98,N,N,N
03/01/2013 09:58:28,1,18.83,1,19,B,B,B
03/01/2013 09:58:28,1,18.83,1,19.04,B,B,B
03/01/2013 09:58:29,1,18.84,3,18.98,N,N,N
03/01/2013 09:58:29,1,18.79,1,19.04,B,B,B
03/01/2013 09:58:29,1,18.79,1,19,B,B,B
03/01/2013 09:58:29,6,18.83,3,18.98,N,N,N
03/01/2013 09:58:29,1,18.83,1,19,B,B,B
03/01/2013 09:58:29,1,18.83,1,19.04,B,B,B
03/01/2013 09:58:30,1,18.84,3,18.98,N,N,N
03/01/2013 09:58:30,1,18.79,1,19.04,B,B,B
03/01/2013 09:58:30,1,18.79,1,19,B,B,B
03/01/2013 09:58:30,6,18.83,3,18.98,N,N,N
03/01/2013 09:58:30,1,18.83,1,19,B,B,B
03/01/2013 09:58:30,1,18.83,1,19.04,B,B,B
03/01/2013 09:58:31,1,18.84,3,18.98,N,N,N
03/01/2013 09:58:31,1,18.79,1,19.04,B,B,B
03/01/2013 09:58:31,1,18.79,1,19,B,B,B
03/01/2013 09:58:31,6,18.83,3,18.98,N,N,N
03/01/2013 09:58:31,1,18.79,1,19.04,B,B,B
03/01/2013 09:58:31,1,18.83,1,19.04,B,B,B
03/01/2013 09:58:32,1,18.84,3,18.98,N,N,N
03/01/2013 09:58:32,1,18.79,1,19.04,B,B,B
03/01/2013 09:58:32,1,18.79,1,19,B,B,B
03/01/2013 09:58:32,6,18.83,3,18.98,N,N,N
03/01/2013 09:58:32,1,18.83,1,19,B,B,B
03/01/2013 09:58:32,1,18.83,1,19.04,B,B,B
03/01/2013 09:58:33,1,18.84,3,18.98,N,N,N
03/01/2013 09:58:33,1,18.79,1,19.04,B,B,B
03/01/2013 09:58:33,1,18.79,1,19,B,B,B
03/01/2013 09:58:33,5,18.84,60,19.66,P,P,P
03/01/2013 09:58:33,6,18.83,3,18.98,N,N,N
03/01/2013 09:58:33,1,18.83,1,19,B,B,B
03/01/2013 09:58:33,1,18.83,1,19.04,B,B,B
03/01/2013 09:58:33,5,18.83,60,19.66,P,P,P
03/01/2013 09:58:34,1,18.84,3,18.98,N,N,N
03/01/2013 09:58:34,1,18.79,1,19.04,B,B,B
03/01/2013 09:58:34,1,18.79,1,19,B,B,B
03/01/2013 09:58:34,5,18.84,60,19.66,P,P,P
03/01/2013 09:58:34,6,18.83,3,18.98,N,N,N
03/01/2013 09:58:34,1,18.83,1,19,B,B,B
03/01/2013 09:58:34,1,18.83,1,19.04,B,B,B
03/01/2013 09:58:34,5,18.83,60,19.66,P,P,P
03/01/2013 09:58:35,1,18.84,3,18.98,N,N,N
03/01/2013 09:58:35,1,18.83,1,19,B,B,B
03/01/2013 09:58:35,1,18.79,1,19,B,B,B
03/01/2013 09:58:35,5,18.84,60,19.66,P,P,P
03/01/2013 09:58:35,6,18.83,3,18.98,N,N,N
03/01/2013 09:58:35,1,18.8,1,19,B,B,B
03/01/2013 09:58:35,5,18.83,60,19.66,P,P,P
03/01/2013 09:58:36,1,18.8,1,19.01,B,B,B
03/01/2013 09:59:23,6,18.83,3,18.98,N,N,N
03/01/2013 09:59:30,1,18.81,1,19.01,B,B,B
03/01/2013 09:59:30,1,18.81,1,19.05,B,B,B
03/01/2013 09:59:30,6,18.83,4,19.5,T,T,T
03/01/2013 09:59:30,1,18.83,1,19.05,B,B,B
03/01/2013 09:59:30,1,18.83,1,19.04,B,B,B
03/01/2013 09:59:30,1,18.84,3,18.98,N,N,N
03/01/2013 09:59:30,1,18.83,1,19.01,B,B,B
03/01/2013 09:59:30,1,18.8,1,19.01,B,B,B
03/01/2013 09:59:30,6,18.83,3,18.98,N,N,N
03/01/2013 09:59:30,1,18.83,1,19.01,B,B,B
03/01/2013 09:59:30,1,18.83,1,19.04,B,B,B
03/01/2013 09:59:31,1,18.84,3,18.98,N,N,N
03/01/2013 09:59:31,1,18.79,1,19.04,B,B,B
03/01/2013 09:59:31,1,18.79,1,19.01,B,B,B
03/01/2013 09:59:31,6,18.83,3,18.98,N,N,N
03/01/2013 09:59:31,1,18.83,1,19.01,B,B,B
03/01/2013 09:59:31,1,18.83,1,19.04,B,B,B
03/01/2013 09:59:33,1,18.84,3,18.98,N,N,N
03/01/2013 09:59:33,1,18.79,1,19.04,B,B,B
03/01/2013 09:59:33,1,18.79,1,19.01,B,B,B
03/01/2013 09:59:33,6,18.83,3,18.98,N,N,N
03/01/2013 09:59:33,1,18.83,1,19.01,B,B,B
03/01/2013 09:59:33,1,18.83,1,19.04,B,B,B
03/01/2013 09:59:34,1,18.84,3,18.98,N,N,N
03/01/2013 09:59:34,1,18.83,1,19.01,B,B,B
03/01/2013 09:59:34,1,18.79,1,19.01,B,B,B
03/01/2013 09:59:34,1,18.79,1,19,B,B,B
03/01/2013 09:59:34,6,18.83,3,18.98,N,N,N
03/01/2013 09:59:34,1,18.83,1,19,B,B,B
03/01/2013 09:59:34,1,18.83,1,19.04,B,B,B
03/01/2013 09:59:35,1,18.84,3,18.98,N,N,N
03/01/2013 09:59:35,1,18.79,1,19.04,B,B,B
03/01/2013 09:59:35,1,18.79,1,19,B,B,B
03/01/2013 09:59:35,6,18.83,3,18.98,N,N,N
03/01/2013 09:59:35,1,18.79,1,19.04,B,B,B
03/01/2013 09:59:35,1,18.83,1,19.04,B,B,B
03/01/2013 09:59:36,1,18.84,3,18.98,N,N,N
03/01/2013 09:59:36,1,18.8,1,19.04,B,B,B
03/01/2013 09:59:36,1,18.8,1,19.01,B,B,B
03/01/2013 09:59:36,6,18.83,3,18.98,N,N,N
03/01/2013 09:59:36,1,18.83,1,19.01,B,B,B
03/01/2013 09:59:36,1,18.83,1,19.04,B,B,B
03/01/2013 09:59:37,1,18.84,3,18.98,N,N,N
03/01/2013 09:59:37,1,18.79,1,19.04,B,B,B
03/01/2013 09:59:37,1,18.79,1,19.01,B,B,B
03/01/2013 09:59:37,6,18.83,3,18.98,N,N,N
03/01/2013 09:59:37,1,18.83,1,19.01,B,B,B
03/01/2013 09:59:37,1,18.83,1,19.04,B,B,B
03/01/2013 09:59:38,1,18.84,3,18.98,N,N,N
03/01/2013 09:59:38,1,18.79,1,19.04,B,B,B
03/01/2013 09:59:38,1,18.79,1,19,B,B,B
03/01/2013 09:59:38,6,18.83,3,18.98,N,N,N
03/01/2013 09:59:38,1,18.83,1,19,B,B,B
03/01/2013 09:59:38,1,18.83,1,19.04,B,B,B
03/01/2013 09:59:39,1,18.84,3,18.98,N,N,N
03/01/2013 09:59:39,1,18.8,1,19.04,B,B,B
03/01/2013 09:59:39,1,18.8,1,19.01,B,B,B
03/01/2013 09:59:39,5,18.84,60,19.66,P,P,P
03/01/2013 09:59:39,1,18.83,1,19.01,B,B,B
03/01/2013 09:59:39,1,18.83,1,19.05,B,B,B
03/01/2013 09:59:39,6,18.83,3,18.98,N,N,N
03/01/2013 09:59:39,1,18.83,1,19.04,B,B,B
03/01/2013 09:59:39,5,18.83,60,19.66,P,P,P
03/01/2013 09:59:40,10,18.71,1,18.91,Z,Z,Z
03/01/2013 09:59:40,1,18.84,3,18.98,N,N,N
03/01/2013 09:59:40,1,18.8,1,19.04,B,B,B
03/01/2013 09:59:40,1,18.8,1,19.01,B,B,B
03/01/2013 09:59:40,5,18.84,60,19.66,P,P,P
03/01/2013 09:59:40,6,18.83,3,18.98,N,N,N
03/01/2013 09:59:40,1,18.83,1,19.01,B,B,B
03/01/2013 09:59:40,1,18.83,1,19.04,B,B,B
03/01/2013 09:59:40,5,18.83,60,19.66,P,P,P
03/01/2013 09:59:41,1,18.84,3,18.98,N,N,N
03/01/2013 09:59:41,1,18.8,1,19.04,B,B,B
03/01/2013 09:59:41,1,18.8,1,19.01,B,B,B
03/01/2013 09:59:41,6,18.83,3,18.98,N,N,N
03/01/2013 09:59:41,1,18.83,1,19.01,B,B,B
03/01/2013 09:59:41,1,18.83,1,19.04,B,B,B
03/01/2013 09:59:43,1,18.84,3,18.98,N,N,N
03/01/2013 09:59:43,1,18.79,1,19.04,B,B,B
03/01/2013 09:59:43,1,18.79,1,19.01,B,B,B
03/01/2013 09:59:43,6,18.83,3,18.98,N,N,N
03/01/2013 09:59:43,1,18.83,1,19.01,B,B,B
03/01/2013 09:59:43,1,18.83,1,19.04,B,B,B
03/01/2013 09:59:44,1,18.84,3,18.98,N,N,N
03/01/2013 09:59:44,1,18.79,1,19.04,B,B,B
03/01/2013 09:59:44,1,18.79,1,19,B,B,B
03/01/2013 09:59:44,5,18.84,60,19.66,P,P,P
03/01/2013 09:59:44,6,18.83,3,18.98,N,N,N
03/01/2013 09:59:44,1,18.83,1,19,B,B,B
03/01/2013 09:59:44,1,18.83,1,19.04,B,B,B
03/01/2013 09:59:44,5,18.83,60,19.66,P,P,P
03/01/2013 09:59:45,1,18.84,3,18.98,N,N,N
03/01/2013 09:59:45,1,18.8,1,19.04,B,B,B
03/01/2013 09:59:45,1,18.8,1,19.01,B,B,B
03/01/2013 09:59:45,5,18.84,60,19.66,P,P,P
03/01/2013 09:59:45,6,18.83,3,18.98,N,N,N
03/01/2013 09:59:45,1,18.83,1,19.01,B,B,B
03/01/2013 09:59:45,1,18.83,1,19.04,B,B,B
03/01/2013 09:59:45,5,18.83,60,19.66,P,P,P
03/01/2013 09:59:46,1,18.84,3,18.98,N,N,N
03/01/2013 09:59:46,1,18.8,1,19.04,B,B,B
03/01/2013 09:59:46,1,18.8,1,19.01,B,B,B
03/01/2013 09:59:46,5,18.84,60,19.66,P,P,P
03/01/2013 09:59:46,6,18.83,3,18.98,N,N,N
03/01/2013 09:59:46,1,18.83,1,19.01,B,B,B
03/01/2013 09:59:46,1,18.83,1,19.05,B,B,B
03/01/2013 09:59:46,1,18.83,1,19.04,B,B,B
03/01/2013 09:59:46,5,18.83,60,19.66,P,P,P
03/01/2013 09:59:47,1,18.84,3,18.98,N,N,N
03/01/2013 09:59:47,1,18.8,1,19.04,B,B,B
03/01/2013 09:59:47,1,18.8,1,19.01,B,B,B
03/01/2013 09:59:47,6,18.83,3,18.98,N,N,N
03/01/2013 09:59:47,1,18.83,1,19.01,B,B,B
03/01/2013 09:59:47,1,18.83,1,19.04,B,B,B
03/01/2013 09:59:48,1,18.83,0,0,B,B,B
03/01/2013 09:59:48,0,0,0,0,B,B,B
03/01/2013 09:59:48,1,18.84,3,18.98,N,N,N
03/01/2013 09:59:48,6,18.83,3,18.98,N,N,N
03/01/2013 10:00:04,6,18.83,2,18.94,T,T,T
03/01/2013 10:00:08,1,18.8,0,0,B,B,B
03/01/2013 10:00:08,1,18.8,1,19.02,B,B,B
03/01/2013 10:00:08,6,18.83,1,18.91,N,N,N
03/01/2013 10:00:08,1,18.81,1,19.02,B,B,B
03/01/2013 10:00:08,1,18.82,1,19.02,B,B,B
03/01/2013 10:00:09,1,18.82,1,19.03,B,B,B
03/01/2013 10:00:09,1,18.82,1,19.02,B,B,B
03/01/2013 10:00:09,1,18.82,1,19.03,B,B,B
03/01/2013 10:00:09,1,18.82,1,19.02,B,B,B
03/01/2013 10:00:09,1,18.81,1,19.02,B,B,B
03/01/2013 10:00:09,1,18.82,1,19.02,B,B,B
03/01/2013 10:00:12,1,18.8,1,19.02,B,B,B
03/01/2013 10:00:12,1,18.81,1,19.02,B,B,B
03/01/2013 10:00:12,1,18.82,1,19.02,B,B,B
03/01/2013 10:00:12,1,18.81,1,19.02,B,B,B
03/01/2013 10:00:13,1,18.82,1,19.02,B,B,B
03/01/2013 10:00:13,1,18.81,1,19.02,B,B,B
03/01/2013 10:00:15,1,18.82,1,19.02,B,B,B
03/01/2013 10:00:20,1,18.82,1,19.01,B,B,B
03/01/2013 10:00:20,1,18.8,1,19.01,B,B,B
03/01/2013 10:00:20,1,18.8,1,19.03,B,B,B
03/01/2013 10:00:20,1,18.81,1,19.03,B,B,B
03/01/2013 10:00:20,1,18.81,1,19.02,B,B,B
03/01/2013 10:00:21,1,18.82,1,19.02,B,B,B
03/01/2013 10:00:31,0,0,1,19.02,B,B,B
03/01/2013 10:00:31,0,0,0,0,B,B,B
03/01/2013 10:00:38,1,18.83,0,0,B,B,B
03/01/2013 10:00:38,6,18.83,2,18.91,T,T,T
03/01/2013 10:00:38,1,18.83,1,19.03,B,B,B
03/01/2013 10:00:38,1,18.84,1,18.91,N,N,N
03/01/2013 10:00:38,1,18.84,1,19.03,B,B,B
03/01/2013 10:00:38,1,18.84,1,19,B,B,B
03/01/2013 10:00:38,5,18.84,60,19.66,P,P,P
03/01/2013 10:00:38,6,18.83,1,18.91,N,N,N
03/01/2013 10:00:38,1,18.84,1,19.03,B,B,B
03/01/2013 10:00:38,1,18.84,1,19.02,B,B,B
03/01/2013 10:00:46,1,18.75,1,18.91,Z,Z,Z
03/01/2013 10:01:06,1,18.84,1,19.01,B,B,B
03/01/2013 10:01:07,1,18.84,1,19.02,B,B,B
03/01/2013 10:01:24,6,18.83,1,18.89,T,T,T
03/01/2013 10:01:24,1,18.84,1,19,B,B,B
03/01/2013 10:01:24,4,18.83,1,18.89,T,T,T
03/01/2013 10:01:24,2,18.83,1,18.89,T,T,T
03/01/2013 10:01:24,12,18.74,1,18.89,T,T,T
03/01/2013 10:01:24,6,18.83,1,18.89,N,N,N
03/01/2013 10:01:24,1,18.84,1,18.98,B,B,B
03/01/2013 10:01:24,1,18.84,1,18.97,B,B,B
03/01/2013 10:01:55,1,18.84,1,18.99,B,B,B
03/01/2013 10:02:29,0,0,1,18.99,B,B,B
03/01/2013 10:02:29,0,0,1,18.98,B,B,B
03/01/2013 10:02:29,5,18.83,60,19.66,P,P,P
03/01/2013 10:02:29,4,18.83,60,19.66,P,P,P
03/01/2013 10:02:29,6,18.83,2,18.89,N,N,N
03/01/2013 10:02:29,0,0,1,18.97,B,B,B
03/01/2013 10:02:29,6,18.83,1,18.89,N,N,N
03/01/2013 10:02:29,0,0,1,19,B,B,B
03/01/2013 10:03:17,0,0,1,19.02,B,B,B
03/01/2013 10:03:17,3,18.83,1,18.89,T,T,T
03/01/2013 10:03:17,6,18.83,1,18.89,T,T,T
03/01/2013 10:03:17,0,0,1,19.04,B,B,B
03/01/2013 10:03:17,0,0,1,19.03,B,B,B
03/01/2013 10:03:17,6,18.83,1,18.89,N,N,N
03/01/2013 10:04:06,6,18.83,4,19.5,T,T,T
03/01/2013 10:04:06,0,0,1,19.04,B,B,B
03/01/2013 10:04:06,6,18.83,1,18.89,N,N,N
03/01/2013 10:05:41,4,18.83,1,18.89,P,P,P
03/01/2013 10:07:57,0,0,1,19.03,B,B,B
03/01/2013 10:08:56,0,0,1,19.02,B,B,B
03/01/2013 10:08:56,0,0,1,19.03,B,B,B
03/01/2013 10:09:07,0,0,1,19.02,B,B,B
03/01/2013 10:09:22,0,0,1,19.03,B,B,B
03/01/2013 10:09:23,1,18.75,1,18.93,Z,Z,Z
03/01/2013 10:09:23,1,18.75,1,18.95,Z,Z,Z
03/01/2013 10:09:24,1,18.75,4,18.94,Z,Z,Z
03/01/2013 10:10:01,6,18.83,1,18.86,T,T,T
03/01/2013 10:10:01,0,0,1,19,B,B,B
03/01/2013 10:10:01,2,18.83,1,18.86,T,T,T
03/01/2013 10:10:01,12,18.74,1,18.86,T,T,T
03/01/2013 10:10:01,6,18.83,1,18.86,N,N,N
03/01/2013 10:10:01,0,0,1,18.98,B,B,B
03/01/2013 10:10:02,6,18.83,1,18.86,N,N,N
03/01/2013 10:10:17,12,18.74,4,19.5,T,T,T
03/01/2013 10:10:17,0,0,1,19.02,B,B,B
03/01/2013 10:10:17,4,18.83,1,18.86,N,N,N
03/01/2013 10:10:17,0,0,1,19,B,B,B
03/01/2013 10:11:11,0,0,1,19.01,B,B,B
03/01/2013 10:12:23,1,18.75,1,18.92,Z,Z,Z
03/01/2013 10:12:47,4,18.83,3,18.98,N,N,N
03/01/2013 10:12:47,0,0,1,18.99,B,B,B
03/01/2013 10:12:47,0,0,1,18.98,B,B,B
03/01/2013 10:12:52,5,18.83,3,18.98,N,N,N
03/01/2013 10:12:52,2,18.83,4,19.5,T,T,T
03/01/2013 10:12:52,0,0,1,18.99,B,B,B
03/01/2013 10:12:52,6,18.83,4,19.5,T,T,T
03/01/2013 10:12:52,0,0,1,19.01,B,B,B
03/01/2013 10:12:52,0,0,1,19,B,B,B
03/01/2013 10:14:01,1,18.75,1,18.91,Z,Z,Z
03/01/2013 10:14:12,1,18.75,1,18.92,Z,Z,Z
03/01/2013 10:14:12,1,18.75,1,18.93,Z,Z,Z
03/01/2013 10:14:13,1,18.75,1,18.92,Z,Z,Z
03/01/2013 10:15:09,4,18.83,60,19.66,P,P,P
03/01/2013 10:15:09,4,18.83,1,18.92,P,P,P
03/01/2013 10:16:04,0,0,1,19.01,B,B,B
03/01/2013 10:17:06,0,0,1,19,B,B,B
03/01/2013 10:17:20,0,0,1,19.01,B,B,B
03/01/2013 10:18:17,0,0,1,19,B,B,B
03/01/2013 10:18:33,0,0,1,19.01,B,B,B
03/01/2013 10:19:17,7,18.83,1,18.92,P,P,P
03/01/2013 10:19:17,4,18.83,1,18.92,P,P,P
03/01/2013 10:20:09,3,18.84,1,18.92,P,P,P
03/01/2013 10:20:09,3,18.84,60,19.66,P,P,P
03/01/2013 10:20:09,4,18.83,3,18.98,N,N,N
03/01/2013 10:20:09,0,0,1,18.99,B,B,B
03/01/2013 10:20:09,7,18.84,60,19.66,P,P,P
03/01/2013 10:20:10,1,18.85,3,18.98,N,N,N
03/01/2013 10:20:10,0,0,1,18.98,B,B,B
03/01/2013 10:20:10,3,18.83,4,19.5,T,T,T
03/01/2013 10:20:10,12,18.74,4,19.5,T,T,T
03/01/2013 10:20:10,4,18.85,60,19.66,P,P,P
03/01/2013 10:20:10,4,18.83,3,18.98,N,N,N
03/01/2013 10:20:10,7,18.84,60,19.66,P,P,P
03/01/2013 10:20:12,2,18.84,4,19.5,T,T,T
03/01/2013 10:20:12,6,18.84,4,19.5,T,T,T
03/01/2013 10:22:00,4,18.84,60,19.66,P,P,P
03/01/2013 10:22:00,4,18.84,1,18.92,P,P,P
03/01/2013 10:25:33,8,18.86,3,18.98,N,N,N
03/01/2013 10:25:33,3,18.84,4,19.5,T,T,T
03/01/2013 10:25:33,12,18.74,4,19.5,T,T,T
03/01/2013 10:25:33,4,18.86,1,18.92,P,P,P
03/01/2013 10:25:33,1,18.8,1,18.92,Z,Z,Z
03/01/2013 10:25:39,8,18.85,3,18.98,N,N,N
03/01/2013 10:25:39,2,18.86,4,19.5,T,T,T
03/01/2013 10:25:39,6,18.86,4,19.5,T,T,T
03/01/2013 10:25:39,8,18.85,3,18.97,N,N,N
03/01/2013 10:25:39,0,0,1,18.97,B,B,B
03/01/2013 10:25:41,8,18.84,3,18.97,N,N,N
03/01/2013 10:25:41,8,18.84,3,18.96,N,N,N
03/01/2013 10:25:41,0,0,1,18.96,B,B,B
03/01/2013 10:25:49,0,0,1,18.97,B,B,B
03/01/2013 10:25:49,3,18.86,4,19.5,T,T,T
03/01/2013 10:25:49,12,18.74,4,19.5,T,T,T
03/01/2013 10:25:49,4,18.88,3,18.96,N,N,N
03/01/2013 10:25:49,4,18.88,1,18.92,P,P,P
03/01/2013 10:25:49,0,0,1,18.96,B,B,B
03/01/2013 10:30:34,4,18.88,60,19.66,P,P,P
03/01/2013 10:30:34,1,18.88,4,19.5,T,T,T
03/01/2013 10:30:34,5,18.88,4,19.5,T,T,T
03/01/2013 10:30:34,0,0,1,18.97,B,B,B
03/01/2013 10:30:40,0,0,1,18.96,B,B,B
03/01/2013 10:30:43,4,18.88,1,18.92,P,P,P
03/01/2013 10:30:43,3,18.88,4,19.5,T,T,T
03/01/2013 10:30:43,12,18.74,4,19.5,T,T,T
03/01/2013 10:31:21,1,18.8,1,18.91,Z,Z,Z
03/01/2013 10:31:21,1,18.8,1,18.92,Z,Z,Z
03/01/2013 10:35:34,4,18.88,60,19.66,P,P,P
03/01/2013 10:35:34,1,18.88,4,19.5,T,T,T
03/01/2013 10:35:34,5,18.88,4,19.5,T,T,T
03/01/2013 10:35:34,1,18.8,1,19.05,Z,Z,Z
03/01/2013 10:35:34,4,18.88,1,18.96,P,P,P
03/01/2013 10:35:34,1,18.8,1,18.92,Z,Z,Z
03/01/2013 10:35:34,1,18.88,4,19.5,T,T,T
03/01/2013 10:35:34,12,18.74,4,19.5,T,T,T
03/01/2013 10:35:34,1,18.8,1,19.05,Z,Z,Z
03/01/2013 10:35:34,1,18.8,1,18.92,Z,Z,Z
03/01/2013 10:36:17,4,18.87,3,18.96,N,N,N
03/01/2013 10:36:17,4,18.87,1,18.96,P,P,P
03/01/2013 10:36:18,1,18.8,1,19.05,Z,Z,Z
03/01/2013 10:36:18,4,18.87,3,18.95,N,N,N
03/01/2013 10:36:18,1,18.87,4,19.5,T,T,T
03/01/2013 10:36:18,0,0,1,18.95,B,B,B
03/01/2013 10:36:18,4,18.87,1,18.95,P,P,P
03/01/2013 10:36:18,1,18.8,1,18.92,Z,Z,Z
03/01/2013 10:36:18,12,18.74,4,19.5,T,T,T
03/01/2013 10:36:18,1,18.8,1,19.05,Z,Z,Z
03/01/2013 10:36:18,1,18.8,1,18.92,Z,Z,Z
03/01/2013 10:40:59,1,18.8,1,19,Z,Z,Z
03/01/2013 10:40:59,1,18.88,3,18.95,N,N,N
03/01/2013 10:40:59,1,18.8,1,18.92,Z,Z,Z
03/01/2013 10:40:59,4,18.87,3,18.95,N,N,N
03/01/2013 10:50:32,4,18.87,1,18.92,P,P,P
03/01/2013 10:53:39,1,18.71,1,18.92,Z,Z,Z
03/01/2013 10:55:50,4,18.87,1,19.21,P,P,P
03/01/2013 10:55:50,1,18.88,3,18.95,N,N,N
03/01/2013 10:55:50,4,18.88,1,19.21,P,P,P
03/01/2013 10:55:50,4,18.87,3,18.95,N,N,N
03/01/2013 10:55:50,4,18.87,1,19.21,P,P,P
03/01/2013 10:55:50,1,18.7,1,18.92,Z,Z,Z
03/01/2013 10:55:50,1,18.88,3,18.95,N,N,N
03/01/2013 10:55:51,1,18.71,1,18.92,Z,Z,Z
03/01/2013 10:56:24,1,18.71,1,19.87,Z,Z,Z
03/01/2013 10:56:24,2,18.88,3,18.95,N,N,N
03/01/2013 10:56:24,1,17.93,1,19.87,Z,Z,Z
03/01/2013 10:56:24,1,17.93,1,19.88,Z,Z,Z
03/01/2013 10:56:24,4,18.87,1,18.95,P,P,P
03/01/2013 10:56:24,1,18.71,1,19.88,Z,Z,Z
03/01/2013 10:56:24,1,18.71,1,18.92,Z,Z,Z
03/01/2013 10:56:24,1,17.93,1,18.92,Z,Z,Z
03/01/2013 10:56:24,1,17.93,1,19.88,Z,Z,Z
03/01/2013 10:56:24,2,18.71,1,19.88,Z,Z,Z
03/01/2013 10:56:24,2,18.71,1,18.92,Z,Z,Z
03/01/2013 10:56:24,1,18.88,3,18.95,N,N,N
03/01/2013 10:56:24,1,18.88,4,18.95,N,N,N
03/01/2013 10:56:25,1,18.71,1,18.92,Z,Z,Z
03/01/2013 10:56:53,4,18.87,4,18.95,N,N,N
03/01/2013 10:56:53,1,18.7,1,18.92,Z,Z,Z
03/01/2013 10:56:53,4,18.87,3,18.95,N,N,N
03/01/2013 10:56:54,1,18.71,1,18.92,Z,Z,Z
03/01/2013 11:01:28,1,18.8,1,18.92,Z,Z,Z
03/01/2013 11:09:28,1,18.88,3,18.95,N,N,N
03/01/2013 11:09:28,4,18.88,1,18.95,P,P,P
03/01/2013 11:09:28,4,18.87,3,18.95,N,N,N
03/01/2013 11:09:28,4,18.87,1,18.95,P,P,P
03/01/2013 11:09:29,1,18.88,3,18.95,N,N,N
03/01/2013 11:09:29,4,18.88,1,18.95,P,P,P
03/01/2013 11:11:30,4,18.87,3,18.95,N,N,N
03/01/2013 11:11:30,4,18.87,1,18.95,P,P,P
03/01/2013 11:11:30,1,18.88,3,18.95,N,N,N
03/01/2013 11:13:41,4,18.88,1,18.95,P,P,P
03/01/2013 11:13:41,4,18.87,3,18.95,N,N,N
03/01/2013 11:13:41,4,18.87,1,18.95,P,P,P
03/01/2013 11:14:06,1,18.88,3,18.95,N,N,N
03/01/2013 11:14:06,4,18.88,1,18.95,P,P,P
03/01/2013 11:14:06,4,18.87,3,18.95,N,N,N
03/01/2013 11:14:07,4,18.87,1,18.95,P,P,P
03/01/2013 11:14:08,1,18.88,3,18.95,N,N,N
03/01/2013 11:14:08,4,18.88,1,18.95,P,P,P
03/01/2013 11:14:08,4,18.87,3,18.95,N,N,N
03/01/2013 11:14:08,4,18.87,1,18.95,P,P,P
03/01/2013 11:14:09,1,18.88,3,18.95,N,N,N
03/01/2013 11:14:09,4,18.88,1,18.95,P,P,P
03/01/2013 11:14:09,4,18.87,3,18.95,N,N,N
03/01/2013 11:14:09,4,18.87,1,18.95,P,P,P
03/01/2013 11:14:10,1,18.88,3,18.95,N,N,N
03/01/2013 11:14:10,4,18.88,1,18.95,P,P,P
03/01/2013 11:14:10,4,18.87,3,18.95,N,N,N
03/01/2013 11:14:10,4,18.87,1,18.95,P,P,P
03/01/2013 11:14:11,1,18.88,3,18.95,N,N,N
03/01/2013 11:14:11,4,18.88,1,18.95,P,P,P
03/01/2013 11:14:11,4,18.87,3,18.95,N,N,N
03/01/2013 11:14:11,4,18.87,1,18.95,P,P,P
03/01/2013 11:14:12,1,18.88,3,18.95,N,N,N
03/01/2013 11:14:12,4,18.88,1,18.95,P,P,P
03/01/2013 11:14:13,4,18.87,3,18.95,N,N,N
03/01/2013 11:14:13,4,18.87,1,18.95,P,P,P
03/01/2013 11:14:13,4,18.87,1,19.21,P,P,P
03/01/2013 11:14:14,1,18.88,3,18.95,N,N,N
03/01/2013 11:14:14,4,18.88,1,19.21,P,P,P
03/01/2013 11:14:14,4,18.87,3,18.95,N,N,N
03/01/2013 11:14:14,4,18.87,1,19.21,P,P,P
03/01/2013 11:14:15,1,18.88,3,18.95,N,N,N
03/01/2013 11:14:15,4,18.88,1,19.21,P,P,P
03/01/2013 11:14:15,4,18.87,3,18.95,N,N,N
03/01/2013 11:14:15,4,18.87,1,19.21,P,P,P
03/01/2013 11:14:17,1,18.88,3,18.95,N,N,N
03/01/2013 11:14:17,1,18.8,1,19,Z,Z,Z
03/01/2013 11:14:17,4,18.87,1,18.95,P,P,P
03/01/2013 11:14:17,1,18.8,1,18.92,Z,Z,Z
03/01/2013 11:14:17,1,18.8,1,19,Z,Z,Z
03/01/2013 11:14:17,4,18.87,1,19.21,P,P,P
03/01/2013 11:14:17,1,18.8,1,18.92,Z,Z,Z
03/01/2013 11:14:17,4,18.88,1,19.21,P,P,P
03/01/2013 11:14:17,4,18.87,3,18.95,N,N,N
03/01/2013 11:14:17,4,18.87,1,19.21,P,P,P
03/01/2013 11:14:26,1,18.88,3,18.95,N,N,N
03/01/2013 11:14:27,4,18.88,1,19.21,P,P,P
03/01/2013 11:14:27,4,18.87,3,18.95,N,N,N
03/01/2013 11:14:27,4,18.87,1,19.21,P,P,P
03/01/2013 11:14:28,1,18.88,3,18.95,N,N,N
03/01/2013 11:14:28,4,18.88,1,19.21,P,P,P
03/01/2013 11:14:28,4,18.87,3,18.95,N,N,N
03/01/2013 11:14:28,4,18.87,1,19.21,P,P,P
03/01/2013 11:14:29,1,18.88,3,18.95,N,N,N
03/01/2013 11:14:29,4,18.88,1,19.21,P,P,P
03/01/2013 11:14:29,4,18.87,3,18.95,N,N,N
03/01/2013 11:14:29,4,18.87,1,19.21,P,P,P
03/01/2013 11:14:30,1,18.88,3,18.95,N,N,N
03/01/2013 11:14:30,4,18.88,1,19.21,P,P,P
03/01/2013 11:14:30,4,18.87,3,18.95,N,N,N
03/01/2013 11:14:30,4,18.87,1,19.21,P,P,P
03/01/2013 11:14:31,1,18.88,3,18.95,N,N,N
03/01/2013 11:14:31,4,18.88,1,19.21,P,P,P
03/01/2013 11:14:31,4,18.87,3,18.95,N,N,N
03/01/2013 11:14:31,4,18.87,1,19.21,P,P,P
03/01/2013 11:14:33,1,18.88,3,18.95,N,N,N
03/01/2013 11:14:33,4,18.88,1,19.21,P,P,P
03/01/2013 11:14:33,4,18.87,3,18.95,N,N,N
03/01/2013 11:14:33,4,18.87,1,19.21,P,P,P
03/01/2013 11:14:34,1,18.88,3,18.95,N,N,N
03/01/2013 11:14:34,4,18.88,1,19.21,P,P,P
03/01/2013 11:14:34,4,18.87,3,18.95,N,N,N
03/01/2013 11:14:34,4,18.87,1,19.21,P,P,P
03/01/2013 11:14:36,1,18.88,3,18.95,N,N,N
03/01/2013 11:14:36,4,18.88,1,19.21,P,P,P
03/01/2013 11:14:36,4,18.87,3,18.95,N,N,N
03/01/2013 11:14:36,4,18.87,1,19.21,P,P,P
03/01/2013 11:14:37,1,18.88,3,18.95,N,N,N
03/01/2013 11:14:37,4,18.88,1,19.21,P,P,P
03/01/2013 11:14:37,4,18.87,3,18.95,N,N,N
03/01/2013 11:14:37,4,18.87,1,19.21,P,P,P
03/01/2013 11:14:38,1,18.88,3,18.95,N,N,N
03/01/2013 11:14:38,4,18.88,1,19.21,P,P,P
03/01/2013 11:14:38,4,18.87,3,18.95,N,N,N
03/01/2013 11:14:38,4,18.87,1,19.21,P,P,P
03/01/2013 11:14:39,1,18.88,3,18.95,N,N,N
03/01/2013 11:14:40,4,18.88,1,19.21,P,P,P
03/01/2013 11:14:40,4,18.87,3,18.95,N,N,N
03/01/2013 11:14:40,4,18.87,1,19.21,P,P,P
03/01/2013 11:14:43,1,18.88,3,18.95,N,N,N
03/01/2013 11:14:43,4,18.88,1,19.21,P,P,P
03/01/2013 11:14:43,4,18.87,3,18.95,N,N,N
03/01/2013 11:14:43,4,18.87,1,19.21,P,P,P
03/01/2013 11:14:44,1,18.88,3,18.95,N,N,N
03/01/2013 11:14:44,4,18.88,1,19.21,P,P,P
03/01/2013 11:14:44,4,18.87,3,18.95,N,N,N
03/01/2013 11:14:44,4,18.87,1,19.21,P,P,P
03/01/2013 11:15:10,1,18.88,3,18.95,N,N,N
03/01/2013 11:15:10,4,18.88,1,19.21,P,P,P
03/01/2013 11:15:10,4,18.87,3,18.95,N,N,N
03/01/2013 11:15:10,4,18.87,1,19.21,P,P,P
03/01/2013 11:15:11,1,18.88,3,18.95,N,N,N
03/01/2013 11:15:11,4,18.88,1,19.21,P,P,P
03/01/2013 11:15:11,4,18.87,3,18.95,N,N,N
03/01/2013 11:15:11,4,18.87,1,19.21,P,P,P
03/01/2013 11:15:12,1,18.88,3,18.95,N,N,N
03/01/2013 11:15:12,4,18.88,1,19.21,P,P,P
03/01/2013 11:15:12,4,18.87,3,18.95,N,N,N
03/01/2013 11:15:12,4,18.87,1,19.21,P,P,P
03/01/2013 11:15:13,1,18.88,3,18.95,N,N,N
03/01/2013 11:15:13,1,18.8,1,19,Z,Z,Z
03/01/2013 11:15:13,4,18.87,1,18.95,P,P,P
03/01/2013 11:15:13,1,18.8,1,18.92,Z,Z,Z
03/01/2013 11:15:13,1,18.8,1,19,Z,Z,Z
03/01/2013 11:15:13,1,18.8,1,18.92,Z,Z,Z
03/01/2013 11:15:13,4,18.87,1,19.21,P,P,P
03/01/2013 11:15:13,1,18.88,1,18.94,N,N,N
03/01/2013 11:15:13,0,0,1,18.94,B,B,B
03/01/2013 11:15:13,4,18.88,1,19.21,P,P,P
03/01/2013 11:15:13,4,18.87,1,18.94,N,N,N
03/01/2013 11:15:13,4,18.87,1,19.21,P,P,P
03/01/2013 11:15:14,1,18.88,1,18.94,N,N,N
03/01/2013 11:15:14,4,18.88,1,19.21,P,P,P
03/01/2013 11:15:15,4,18.87,1,18.94,N,N,N
03/01/2013 11:15:15,4,18.87,1,19.21,P,P,P
03/01/2013 11:15:16,1,18.88,1,18.94,N,N,N
03/01/2013 11:15:16,4,18.88,1,19.21,P,P,P
03/01/2013 11:15:16,4,18.87,1,18.94,N,N,N
03/01/2013 11:15:16,4,18.87,1,19.21,P,P,P
03/01/2013 11:15:17,1,18.88,1,18.94,N,N,N
03/01/2013 11:15:17,4,18.88,1,19.21,P,P,P
03/01/2013 11:15:17,4,18.87,1,18.94,N,N,N
03/01/2013 11:15:17,4,18.87,1,19.21,P,P,P
03/01/2013 11:15:18,1,18.88,1,18.94,N,N,N
03/01/2013 11:15:18,4,18.88,1,19.21,P,P,P
03/01/2013 11:15:18,4,18.87,1,18.94,N,N,N
03/01/2013 11:15:18,4,18.87,1,19.21,P,P,P
03/01/2013 11:15:21,1,18.88,1,18.94,N,N,N
03/01/2013 11:15:21,0,0,1,18.95,B,B,B
03/01/2013 11:15:21,4,18.88,1,19.21,P,P,P
03/01/2013 11:15:21,4,18.87,1,18.94,N,N,N
03/01/2013 11:15:21,0,0,1,18.94,B,B,B
03/01/2013 11:15:21,4,18.87,1,19.21,P,P,P
03/01/2013 11:15:22,1,18.88,1,18.94,N,N,N
03/01/2013 11:15:22,0,0,1,18.95,B,B,B
03/01/2013 11:15:22,4,18.88,1,19.21,P,P,P
03/01/2013 11:15:22,4,18.87,1,18.94,N,N,N
03/01/2013 11:15:22,0,0,1,18.94,B,B,B
03/01/2013 11:15:22,4,18.87,1,19.21,P,P,P
03/01/2013 11:15:23,1,18.88,1,18.94,N,N,N
03/01/2013 11:15:23,0,0,1,18.95,B,B,B
03/01/2013 11:15:23,4,18.88,1,19.21,P,P,P
03/01/2013 11:15:23,4,18.87,1,18.94,N,N,N
03/01/2013 11:15:23,0,0,1,18.94,B,B,B
03/01/2013 11:15:23,4,18.87,1,19.21,P,P,P
03/01/2013 11:15:24,1,18.88,1,18.94,N,N,N
03/01/2013 11:15:24,0,0,1,18.95,B,B,B
03/01/2013 11:15:24,4,18.88,1,19.21,P,P,P
03/01/2013 11:15:25,4,18.87,1,18.94,N,N,N
03/01/2013 11:15:25,0,0,1,18.94,B,B,B
03/01/2013 11:15:25,4,18.87,1,19.21,P,P,P
03/01/2013 11:15:26,1,18.88,1,18.94,N,N,N
03/01/2013 11:15:26,0,0,1,18.95,B,B,B
03/01/2013 11:15:26,1,18.8,1,19,Z,Z,Z
03/01/2013 11:15:26,4,18.87,1,18.94,P,P,P
03/01/2013 11:15:26,1,18.8,1,18.92,Z,Z,Z
03/01/2013 11:15:26,4,18.87,1,19.21,P,P,P
03/01/2013 11:15:26,1,18.88,3,18.95,N,N,N
03/01/2013 11:15:26,4,18.88,1,19.21,P,P,P
03/01/2013 11:15:26,4,18.87,3,18.95,N,N,N
03/01/2013 11:15:26,4,18.87,1,19.21,P,P,P
03/01/2013 11:15:27,1,18.88,3,18.95,N,N,N
03/01/2013 11:15:27,4,18.88,1,19.21,P,P,P
03/01/2013 11:15:27,4,18.87,3,18.95,N,N,N
03/01/2013 11:15:27,4,18.87,1,19.21,P,P,P
03/01/2013 11:15:28,1,18.88,3,18.95,N,N,N
03/01/2013 11:15:28,4,18.88,1,19.21,P,P,P
03/01/2013 11:15:28,4,18.87,3,18.95,N,N,N
03/01/2013 11:15:28,4,18.87,1,19.21,P,P,P
03/01/2013 11:15:29,1,18.88,3,18.95,N,N,N
03/01/2013 11:15:29,4,18.88,1,19.21,P,P,P
03/01/2013 11:15:29,4,18.87,3,18.95,N,N,N
03/01/2013 11:15:29,4,18.87,1,19.21,P,P,P
03/01/2013 11:15:48,0,0,1,18.97,B,B,B
03/01/2013 11:15:48,0,0,1,18.96,B,B,B
03/01/2013 11:15:49,1,18.88,3,18.95,N,N,N
03/01/2013 11:15:49,0,0,1,18.95,B,B,B
03/01/2013 11:15:49,4,18.88,1,19.21,P,P,P
03/01/2013 11:15:49,4,18.87,3,18.95,N,N,N
03/01/2013 11:15:49,4,18.87,1,19.21,P,P,P
03/01/2013 11:15:50,1,18.88,3,18.95,N,N,N
03/01/2013 11:15:50,4,18.88,1,19.21,P,P,P
03/01/2013 11:15:50,4,18.87,3,18.95,N,N,N
03/01/2013 11:15:50,4,18.87,1,19.21,P,P,P
03/01/2013 11:15:53,1,18.88,3,18.95,N,N,N
03/01/2013 11:15:53,4,18.88,1,19.21,P,P,P
03/01/2013 11:15:53,4,18.87,3,18.95,N,N,N
03/01/2013 11:15:53,4,18.87,1,19.21,P,P,P
03/01/2013 11:15:55,1,18.88,3,18.95,N,N,N
03/01/2013 11:15:55,4,18.88,1,19.21,P,P,P
03/01/2013 11:15:55,4,18.87,3,18.95,N,N,N
03/01/2013 11:15:55,4,18.87,1,19.21,P,P,P
03/01/2013 11:15:56,1,18.88,3,18.95,N,N,N
03/01/2013 11:15:56,4,18.88,1,19.21,P,P,P
03/01/2013 11:15:56,4,18.87,3,18.95,N,N,N
03/01/2013 11:15:56,4,18.87,1,19.21,P,P,P
03/01/2013 11:15:57,1,18.88,3,18.95,N,N,N
03/01/2013 11:15:57,4,18.88,1,19.21,P,P,P
03/01/2013 11:15:57,4,18.87,3,18.95,N,N,N
03/01/2013 11:15:57,4,18.87,1,19.21,P,P,P
03/01/2013 11:15:59,1,18.88,3,18.95,N,N,N
03/01/2013 11:15:59,4,18.88,1,19.21,P,P,P
03/01/2013 11:15:59,4,18.87,3,18.95,N,N,N
03/01/2013 11:15:59,4,18.87,1,19.21,P,P,P
03/01/2013 11:16:03,1,18.88,3,18.95,N,N,N
03/01/2013 11:16:03,4,18.88,1,19.21,P,P,P
03/01/2013 11:16:03,4,18.87,3,18.95,N,N,N
03/01/2013 11:16:03,4,18.87,1,19.21,P,P,P
03/01/2013 11:16:04,1,18.88,3,18.95,N,N,N
03/01/2013 11:16:04,4,18.88,1,19.21,P,P,P
03/01/2013 11:16:04,4,18.87,3,18.95,N,N,N
03/01/2013 11:16:04,4,18.87,1,19.21,P,P,P
03/01/2013 11:16:05,1,18.88,3,18.95,N,N,N
03/01/2013 11:16:05,4,18.88,1,19.21,P,P,P
03/01/2013 11:16:05,4,18.87,3,18.95,N,N,N
03/01/2013 11:16:05,4,18.87,1,19.21,P,P,P
03/01/2013 11:16:06,1,18.88,3,18.95,N,N,N
03/01/2013 11:16:06,4,18.88,1,19.21,P,P,P
03/01/2013 11:16:06,4,18.87,3,18.95,N,N,N
03/01/2013 11:16:06,4,18.87,1,19.21,P,P,P
03/01/2013 11:16:07,1,18.88,3,18.95,N,N,N
03/01/2013 11:16:08,4,18.88,1,19.21,P,P,P
03/01/2013 11:16:08,4,18.87,3,18.95,N,N,N
03/01/2013 11:16:08,4,18.87,1,19.21,P,P,P
03/01/2013 11:16:09,1,18.88,3,18.95,N,N,N
03/01/2013 11:16:09,4,18.88,1,19.21,P,P,P
03/01/2013 11:16:09,4,18.87,3,18.95,N,N,N
03/01/2013 11:16:09,4,18.87,1,19.21,P,P,P
03/01/2013 11:16:10,1,18.88,3,18.95,N,N,N
03/01/2013 11:16:10,4,18.88,1,19.21,P,P,P
03/01/2013 11:16:10,4,18.87,3,18.95,N,N,N
03/01/2013 11:16:10,4,18.87,1,19.21,P,P,P
03/01/2013 11:16:11,1,18.88,3,18.95,N,N,N
03/01/2013 11:16:11,4,18.88,1,19.21,P,P,P
03/01/2013 11:16:11,4,18.87,3,18.95,N,N,N
03/01/2013 11:16:11,4,18.87,1,19.21,P,P,P
03/01/2013 11:16:12,1,18.88,3,18.95,N,N,N
03/01/2013 11:16:12,4,18.88,1,19.21,P,P,P
03/01/2013 11:16:12,4,18.87,3,18.95,N,N,N
03/01/2013 11:16:12,4,18.87,1,19.21,P,P,P
03/01/2013 11:16:14,1,18.88,3,18.95,N,N,N
03/01/2013 11:16:14,4,18.88,1,19.21,P,P,P
03/01/2013 11:16:14,4,18.87,3,18.95,N,N,N
03/01/2013 11:16:14,4,18.87,1,19.21,P,P,P
03/01/2013 11:16:15,1,18.88,3,18.95,N,N,N
03/01/2013 11:16:15,4,18.88,1,19.21,P,P,P
03/01/2013 11:16:15,4,18.87,3,18.95,N,N,N
03/01/2013 11:16:15,4,18.87,1,19.21,P,P,P
03/01/2013 11:16:16,1,18.88,3,18.95,N,N,N
03/01/2013 11:16:16,4,18.88,1,19.21,P,P,P
03/01/2013 11:16:16,4,18.87,3,18.95,N,N,N
03/01/2013 11:16:16,4,18.87,1,19.21,P,P,P
03/01/2013 11:16:24,1,18.88,3,18.95,N,N,N
03/01/2013 11:16:24,4,18.88,1,19.21,P,P,P
03/01/2013 11:16:24,4,18.87,3,18.95,N,N,N
03/01/2013 11:16:24,4,18.87,1,19.21,P,P,P
03/01/2013 11:16:25,1,18.88,3,18.95,N,N,N
03/01/2013 11:16:25,4,18.88,1,19.21,P,P,P
03/01/2013 11:16:25,4,18.87,3,18.95,N,N,N
03/01/2013 11:16:26,4,18.87,1,19.21,P,P,P
03/01/2013 11:16:27,1,18.88,3,18.95,N,N,N
03/01/2013 11:16:27,4,18.88,1,19.21,P,P,P
03/01/2013 11:16:27,4,18.87,3,18.95,N,N,N
03/01/2013 11:16:27,4,18.87,1,19.21,P,P,P
03/01/2013 11:16:28,1,18.88,3,18.95,N,N,N
03/01/2013 11:16:28,4,18.88,1,19.21,P,P,P
03/01/2013 11:16:28,4,18.87,3,18.95,N,N,N
03/01/2013 11:16:28,4,18.87,1,19.21,P,P,P
03/01/2013 11:16:29,1,18.88,3,18.95,N,N,N
03/01/2013 11:16:29,4,18.88,1,19.21,P,P,P
03/01/2013 11:16:29,4,18.87,3,18.95,N,N,N
03/01/2013 11:16:29,4,18.87,1,19.21,P,P,P
03/01/2013 11:16:30,1,18.88,3,18.95,N,N,N
03/01/2013 11:16:30,4,18.88,1,19.21,P,P,P
03/01/2013 11:16:30,4,18.87,3,18.95,N,N,N
03/01/2013 11:16:30,4,18.87,1,19.21,P,P,P
03/01/2013 11:16:31,1,18.88,3,18.95,N,N,N
03/01/2013 11:16:31,4,18.88,1,19.21,P,P,P
03/01/2013 11:16:31,4,18.87,3,18.95,N,N,N
03/01/2013 11:16:32,4,18.87,1,19.21,P,P,P
03/01/2013 11:16:33,1,18.88,3,18.95,N,N,N
03/01/2013 11:16:33,4,18.88,1,19.21,P,P,P
03/01/2013 11:16:33,4,18.87,3,18.95,N,N,N
03/01/2013 11:16:33,4,18.87,1,19.21,P,P,P
03/01/2013 11:16:34,1,18.88,3,18.95,N,N,N
03/01/2013 11:16:34,4,18.88,1,19.21,P,P,P
03/01/2013 11:16:34,4,18.87,3,18.95,N,N,N
03/01/2013 11:16:34,4,18.87,1,19.21,P,P,P
03/01/2013 11:16:35,1,18.88,3,18.95,N,N,N
03/01/2013 11:16:35,4,18.88,1,19.21,P,P,P
03/01/2013 11:16:35,4,18.87,3,18.95,N,N,N
03/01/2013 11:16:35,4,18.87,1,19.21,P,P,P
03/01/2013 11:16:36,1,18.88,3,18.95,N,N,N
03/01/2013 11:16:36,4,18.88,1,19.21,P,P,P
03/01/2013 11:16:36,4,18.87,3,18.95,N,N,N
03/01/2013 11:16:36,4,18.87,1,19.21,P,P,P
03/01/2013 11:16:38,1,18.88,3,18.95,N,N,N
03/01/2013 11:16:38,4,18.88,1,19.21,P,P,P
03/01/2013 11:16:38,4,18.87,3,18.95,N,N,N
03/01/2013 11:16:38,4,18.87,1,19.21,P,P,P
03/01/2013 11:16:39,1,18.88,3,18.95,N,N,N
03/01/2013 11:16:39,4,18.88,1,19.21,P,P,P
03/01/2013 11:16:39,4,18.87,3,18.95,N,N,N
03/01/2013 11:16:39,4,18.87,1,19.21,P,P,P
03/01/2013 11:16:40,1,18.88,3,18.95,N,N,N
03/01/2013 11:16:40,4,18.88,1,19.21,P,P,P
03/01/2013 11:16:40,4,18.87,3,18.95,N,N,N
03/01/2013 11:16:40,4,18.87,1,19.21,P,P,P
03/01/2013 11:16:41,1,18.88,3,18.95,N,N,N
03/01/2013 11:16:41,4,18.88,1,19.21,P,P,P
03/01/2013 11:16:41,4,18.87,3,18.95,N,N,N
03/01/2013 11:16:42,4,18.87,1,19.21,P,P,P
03/01/2013 11:16:43,1,18.88,3,18.95,N,N,N
03/01/2013 11:16:43,4,18.88,1,19.21,P,P,P
03/01/2013 11:16:43,4,18.87,3,18.95,N,N,N
03/01/2013 11:16:43,4,18.87,1,19.21,P,P,P
03/01/2013 11:16:44,1,18.88,3,18.95,N,N,N
03/01/2013 11:16:44,4,18.88,1,19.21,P,P,P
03/01/2013 11:16:44,4,18.87,3,18.95,N,N,N
03/01/2013 11:16:44,4,18.87,1,19.21,P,P,P
03/01/2013 11:16:45,1,18.88,3,18.95,N,N,N
03/01/2013 11:16:45,4,18.88,1,19.21,P,P,P
03/01/2013 11:16:45,4,18.87,3,18.95,N,N,N
03/01/2013 11:16:45,4,18.87,1,19.21,P,P,P
03/01/2013 11:16:46,1,18.88,3,18.95,N,N,N
03/01/2013 11:16:46,4,18.88,1,19.21,P,P,P
03/01/2013 11:16:46,4,18.87,3,18.95,N,N,N
03/01/2013 11:16:46,4,18.87,1,19.21,P,P,P
03/01/2013 11:16:48,1,18.88,3,18.95,N,N,N
03/01/2013 11:16:48,4,18.88,1,19.21,P,P,P
03/01/2013 11:16:48,4,18.87,3,18.95,N,N,N
03/01/2013 11:16:48,4,18.87,1,19.21,P,P,P
03/01/2013 11:16:49,1,18.88,3,18.95,N,N,N
03/01/2013 11:16:49,4,18.88,1,19.21,P,P,P
03/01/2013 11:16:49,4,18.87,3,18.95,N,N,N
03/01/2013 11:16:49,4,18.87,1,19.21,P,P,P
03/01/2013 11:16:50,1,18.88,3,18.95,N,N,N
03/01/2013 11:16:50,4,18.88,1,19.21,P,P,P
03/01/2013 11:16:50,4,18.87,3,18.95,N,N,N
03/01/2013 11:16:50,4,18.87,1,19.21,P,P,P
03/01/2013 11:16:51,1,18.88,3,18.95,N,N,N
03/01/2013 11:16:51,4,18.88,1,19.21,P,P,P
03/01/2013 11:16:51,4,18.87,3,18.95,N,N,N
03/01/2013 11:16:51,4,18.87,1,19.21,P,P,P
03/01/2013 11:16:52,1,18.88,3,18.95,N,N,N
03/01/2013 11:16:52,4,18.88,1,19.21,P,P,P
03/01/2013 11:16:52,4,18.87,3,18.95,N,N,N
03/01/2013 11:16:52,4,18.87,1,19.21,P,P,P
03/01/2013 11:16:54,1,18.88,3,18.95,N,N,N
03/01/2013 11:16:54,4,18.88,1,19.21,P,P,P
03/01/2013 11:16:54,4,18.87,3,18.95,N,N,N
03/01/2013 11:16:54,4,18.87,1,19.21,P,P,P
03/01/2013 11:16:55,1,18.88,3,18.95,N,N,N
03/01/2013 11:16:55,4,18.88,1,19.21,P,P,P
03/01/2013 11:16:55,4,18.87,3,18.95,N,N,N
03/01/2013 11:16:55,4,18.87,1,19.21,P,P,P
03/01/2013 11:16:56,1,18.88,3,18.95,N,N,N
03/01/2013 11:16:56,4,18.88,1,19.21,P,P,P
03/01/2013 11:16:56,4,18.87,3,18.95,N,N,N
03/01/2013 11:16:56,4,18.87,1,19.21,P,P,P
03/01/2013 11:16:57,1,18.88,3,18.95,N,N,N
03/01/2013 11:16:57,4,18.88,1,19.21,P,P,P
03/01/2013 11:16:57,4,18.87,3,18.95,N,N,N
03/01/2013 11:16:57,4,18.87,1,19.21,P,P,P
03/01/2013 11:16:58,1,18.88,3,18.95,N,N,N
03/01/2013 11:16:58,4,18.88,1,19.21,P,P,P
03/01/2013 11:16:58,4,18.87,3,18.95,N,N,N
03/01/2013 11:16:59,4,18.87,1,19.21,P,P,P
03/01/2013 11:17:00,1,18.88,3,18.95,N,N,N
03/01/2013 11:17:00,4,18.88,1,19.21,P,P,P
03/01/2013 11:17:00,4,18.87,3,18.95,N,N,N
03/01/2013 11:17:00,4,18.87,1,19.21,P,P,P
03/01/2013 11:17:01,1,18.88,3,18.95,N,N,N
03/01/2013 11:17:01,4,18.88,1,19.21,P,P,P
03/01/2013 11:17:01,4,18.87,3,18.95,N,N,N
03/01/2013 11:17:01,4,18.87,1,19.21,P,P,P
03/01/2013 11:17:02,1,18.88,3,18.95,N,N,N
03/01/2013 11:17:02,4,18.88,1,19.21,P,P,P
03/01/2013 11:17:02,4,18.87,3,18.95,N,N,N
03/01/2013 11:17:02,4,18.87,1,19.21,P,P,P
03/01/2013 11:17:03,1,18.88,3,18.95,N,N,N
03/01/2013 11:17:03,4,18.88,1,19.21,P,P,P
03/01/2013 11:17:03,4,18.87,3,18.95,N,N,N
03/01/2013 11:17:03,4,18.87,1,19.21,P,P,P
03/01/2013 11:17:04,1,18.88,3,18.95,N,N,N
03/01/2013 11:17:04,4,18.88,1,19.21,P,P,P
03/01/2013 11:17:05,4,18.87,3,18.95,N,N,N
03/01/2013 11:17:05,4,18.87,1,19.21,P,P,P
03/01/2013 11:17:06,1,18.88,3,18.95,N,N,N
03/01/2013 11:17:06,4,18.88,1,19.21,P,P,P
03/01/2013 11:17:06,4,18.87,3,18.95,N,N,N
03/01/2013 11:17:06,4,18.87,1,19.21,P,P,P
03/01/2013 11:17:07,1,18.88,3,18.95,N,N,N
03/01/2013 11:17:07,4,18.88,1,19.21,P,P,P
03/01/2013 11:17:07,4,18.87,3,18.95,N,N,N
03/01/2013 11:17:07,4,18.87,1,19.21,P,P,P
03/01/2013 11:17:08,1,18.88,3,18.95,N,N,N
03/01/2013 11:17:08,4,18.88,1,19.21,P,P,P
03/01/2013 11:17:08,4,18.87,3,18.95,N,N,N
03/01/2013 11:17:08,4,18.87,1,19.21,P,P,P
03/01/2013 11:17:09,1,18.88,3,18.95,N,N,N
03/01/2013 11:17:09,4,18.88,1,19.21,P,P,P
03/01/2013 11:17:09,4,18.87,3,18.95,N,N,N
03/01/2013 11:17:09,4,18.87,1,19.21,P,P,P
03/01/2013 11:17:11,1,18.88,3,18.95,N,N,N
03/01/2013 11:17:11,4,18.88,1,19.21,P,P,P
03/01/2013 11:17:11,4,18.87,3,18.95,N,N,N
03/01/2013 11:17:11,4,18.87,1,19.21,P,P,P
03/01/2013 11:17:12,1,18.88,3,18.95,N,N,N
03/01/2013 11:17:12,4,18.88,1,19.21,P,P,P
03/01/2013 11:17:12,4,18.87,3,18.95,N,N,N
03/01/2013 11:17:12,4,18.87,1,19.21,P,P,P
03/01/2013 11:17:13,1,18.88,3,18.95,N,N,N
03/01/2013 11:17:13,4,18.88,1,19.21,P,P,P
03/01/2013 11:17:13,4,18.87,3,18.95,N,N,N
03/01/2013 11:17:13,4,18.87,1,19.21,P,P,P
03/01/2013 11:17:14,1,18.88,3,18.95,N,N,N
03/01/2013 11:17:14,4,18.88,1,19.21,P,P,P
03/01/2013 11:17:14,4,18.87,3,18.95,N,N,N
03/01/2013 11:17:14,4,18.87,1,19.21,P,P,P
03/01/2013 11:17:15,1,18.88,3,18.95,N,N,N
03/01/2013 11:17:15,4,18.88,1,19.21,P,P,P
03/01/2013 11:17:15,4,18.87,3,18.95,N,N,N
03/01/2013 11:17:16,4,18.87,1,19.21,P,P,P
03/01/2013 11:17:17,1,18.88,3,18.95,N,N,N
03/01/2013 11:17:17,4,18.88,1,19.21,P,P,P
03/01/2013 11:17:17,4,18.87,3,18.95,N,N,N
03/01/2013 11:17:17,4,18.87,1,19.21,P,P,P
03/01/2013 11:17:19,1,18.88,3,18.95,N,N,N
03/01/2013 11:17:19,4,18.88,1,19.21,P,P,P
03/01/2013 11:17:19,4,18.87,3,18.95,N,N,N
03/01/2013 11:17:19,4,18.87,1,19.21,P,P,P
03/01/2013 11:17:20,1,18.88,3,18.95,N,N,N
03/01/2013 11:17:20,4,18.88,1,19.21,P,P,P
03/01/2013 11:17:20,4,18.87,3,18.95,N,N,N
03/01/2013 11:17:20,4,18.87,1,19.21,P,P,P
03/01/2013 11:17:21,1,18.88,3,18.95,N,N,N
03/01/2013 11:17:21,4,18.88,1,19.21,P,P,P
03/01/2013 11:17:21,4,18.87,3,18.95,N,N,N
03/01/2013 11:17:21,4,18.87,1,19.21,P,P,P
03/01/2013 11:17:22,1,18.88,3,18.95,N,N,N
03/01/2013 11:17:22,4,18.88,1,19.21,P,P,P
03/01/2013 11:17:22,4,18.87,3,18.95,N,N,N
03/01/2013 11:17:22,4,18.87,1,19.21,P,P,P
03/01/2013 11:17:23,1,18.88,3,18.95,N,N,N
03/01/2013 11:17:23,4,18.88,1,19.21,P,P,P
03/01/2013 11:17:23,4,18.87,3,18.95,N,N,N
03/01/2013 11:17:23,4,18.87,1,19.21,P,P,P
03/01/2013 11:17:25,1,18.88,3,18.95,N,N,N
03/01/2013 11:17:25,4,18.88,1,19.21,P,P,P
03/01/2013 11:17:25,4,18.87,3,18.95,N,N,N
03/01/2013 11:17:25,4,18.87,1,19.21,P,P,P
03/01/2013 11:17:26,1,18.88,3,18.95,N,N,N
03/01/2013 11:17:26,4,18.88,1,19.21,P,P,P
03/01/2013 11:17:26,4,18.87,3,18.95,N,N,N
03/01/2013 11:17:26,4,18.87,1,19.21,P,P,P
03/01/2013 11:17:27,1,18.88,3,18.95,N,N,N
03/01/2013 11:17:27,4,18.88,1,19.21,P,P,P
03/01/2013 11:17:27,4,18.87,3,18.95,N,N,N
03/01/2013 11:17:27,4,18.87,1,19.21,P,P,P
03/01/2013 11:17:28,1,18.88,3,18.95,N,N,N
03/01/2013 11:17:28,4,18.88,1,19.21,P,P,P
03/01/2013 11:17:28,4,18.87,3,18.95,N,N,N
03/01/2013 11:17:28,4,18.87,1,19.21,P,P,P
03/01/2013 11:17:29,1,18.88,3,18.95,N,N,N
03/01/2013 11:17:29,4,18.88,1,19.21,P,P,P
03/01/2013 11:17:29,4,18.87,3,18.95,N,N,N
03/01/2013 11:17:30,4,18.87,1,19.21,P,P,P
03/01/2013 11:17:31,1,18.88,3,18.95,N,N,N
03/01/2013 11:17:31,4,18.88,1,19.21,P,P,P
03/01/2013 11:17:31,4,18.87,3,18.95,N,N,N
03/01/2013 11:17:31,4,18.87,1,19.21,P,P,P
03/01/2013 11:17:32,1,18.88,3,18.95,N,N,N
03/01/2013 11:17:32,4,18.88,1,19.21,P,P,P
03/01/2013 11:17:32,4,18.87,3,18.95,N,N,N
03/01/2013 11:17:32,4,18.87,1,19.21,P,P,P
03/01/2013 11:17:33,1,18.88,3,18.95,N,N,N
03/01/2013 11:17:33,4,18.88,1,19.21,P,P,P
03/01/2013 11:17:33,4,18.87,3,18.95,N,N,N
03/01/2013 11:17:33,4,18.87,1,19.21,P,P,P
03/01/2013 11:17:34,1,18.88,3,18.95,N,N,N
03/01/2013 11:17:34,4,18.88,1,19.21,P,P,P
03/01/2013 11:17:34,4,18.87,3,18.95,N,N,N
03/01/2013 11:17:34,4,18.87,1,19.21,P,P,P
03/01/2013 11:17:36,1,18.88,3,18.95,N,N,N
03/01/2013 11:17:36,4,18.88,1,19.21,P,P,P
03/01/2013 11:17:36,4,18.87,3,18.95,N,N,N
03/01/2013 11:17:36,4,18.87,1,19.21,P,P,P
03/01/2013 11:17:37,1,18.88,3,18.95,N,N,N
03/01/2013 11:17:37,4,18.88,1,19.21,P,P,P
03/01/2013 11:17:37,4,18.87,3,18.95,N,N,N
03/01/2013 11:17:37,4,18.87,1,19.21,P,P,P
03/01/2013 11:17:38,1,18.88,3,18.95,N,N,N
03/01/2013 11:17:38,4,18.88,1,19.21,P,P,P
03/01/2013 11:17:38,4,18.87,3,18.95,N,N,N
03/01/2013 11:17:39,4,18.87,1,19.21,P,P,P
03/01/2013 11:17:40,1,18.88,3,18.95,N,N,N
03/01/2013 11:17:40,4,18.88,1,19.21,P,P,P
03/01/2013 11:17:40,4,18.87,3,18.95,N,N,N
03/01/2013 11:17:40,4,18.87,1,19.21,P,P,P
03/01/2013 11:17:41,1,18.88,3,18.95,N,N,N
03/01/2013 11:17:41,4,18.88,1,19.21,P,P,P
03/01/2013 11:17:41,4,18.87,3,18.95,N,N,N
03/01/2013 11:17:41,4,18.87,1,19.21,P,P,P
03/01/2013 11:17:42,1,18.88,3,18.95,N,N,N
03/01/2013 11:17:42,4,18.88,1,19.21,P,P,P
03/01/2013 11:17:42,4,18.87,3,18.95,N,N,N
03/01/2013 11:17:42,4,18.87,1,19.21,P,P,P
03/01/2013 11:17:43,1,18.88,3,18.95,N,N,N
03/01/2013 11:17:43,4,18.88,1,19.21,P,P,P
03/01/2013 11:17:43,4,18.87,3,18.95,N,N,N
03/01/2013 11:17:43,4,18.87,1,19.21,P,P,P
03/01/2013 11:17:44,1,18.88,3,18.95,N,N,N
03/01/2013 11:17:45,4,18.88,1,19.21,P,P,P
03/01/2013 11:17:45,4,18.87,3,18.95,N,N,N
03/01/2013 11:17:45,4,18.87,1,19.21,P,P,P
03/01/2013 11:17:46,1,18.88,3,18.95,N,N,N
03/01/2013 11:17:46,4,18.88,1,19.21,P,P,P
03/01/2013 11:17:46,4,18.87,3,18.95,N,N,N
03/01/2013 11:17:46,4,18.87,1,19.21,P,P,P
03/01/2013 11:17:47,1,18.88,3,18.95,N,N,N
03/01/2013 11:17:47,4,18.88,1,19.21,P,P,P
03/01/2013 11:17:47,4,18.87,3,18.95,N,N,N
03/01/2013 11:17:47,4,18.87,1,19.21,P,P,P
03/01/2013 11:17:48,1,18.88,3,18.95,N,N,N
03/01/2013 11:17:48,4,18.88,1,19.21,P,P,P
03/01/2013 11:17:48,4,18.87,3,18.95,N,N,N
03/01/2013 11:17:48,4,18.87,1,19.21,P,P,P
03/01/2013 11:17:49,1,18.88,3,18.95,N,N,N
03/01/2013 11:17:49,4,18.88,1,19.21,P,P,P
03/01/2013 11:17:49,4,18.87,3,18.95,N,N,N
03/01/2013 11:17:49,4,18.87,1,19.21,P,P,P
03/01/2013 11:17:50,1,18.88,3,18.95,N,N,N
03/01/2013 11:17:51,4,18.88,1,19.21,P,P,P
03/01/2013 11:17:51,4,18.87,3,18.95,N,N,N
03/01/2013 11:17:51,4,18.87,1,19.21,P,P,P
03/01/2013 11:17:52,1,18.88,3,18.95,N,N,N
03/01/2013 11:17:52,4,18.88,1,19.21,P,P,P
03/01/2013 11:17:52,4,18.87,3,18.95,N,N,N
03/01/2013 11:17:52,4,18.87,1,19.21,P,P,P
03/01/2013 11:17:53,1,18.88,3,18.95,N,N,N
03/01/2013 11:17:53,4,18.88,1,19.21,P,P,P
03/01/2013 11:17:53,4,18.87,3,18.95,N,N,N
03/01/2013 11:17:53,4,18.87,1,19.21,P,P,P
03/01/2013 11:17:54,1,18.88,3,18.95,N,N,N
03/01/2013 11:17:54,4,18.88,1,19.21,P,P,P
03/01/2013 11:17:54,4,18.87,3,18.95,N,N,N
03/01/2013 11:17:54,4,18.87,1,19.21,P,P,P
03/01/2013 11:17:55,1,18.88,3,18.95,N,N,N
03/01/2013 11:17:55,4,18.88,1,19.21,P,P,P
03/01/2013 11:17:55,4,18.87,3,18.95,N,N,N
03/01/2013 11:17:56,4,18.87,1,19.21,P,P,P
03/01/2013 11:17:57,1,18.88,3,18.95,N,N,N
03/01/2013 11:17:57,4,18.88,1,19.21,P,P,P
03/01/2013 11:17:57,4,18.87,3,18.95,N,N,N
03/01/2013 11:17:57,4,18.87,1,19.21,P,P,P
03/01/2013 11:17:58,1,18.88,3,18.95,N,N,N
03/01/2013 11:17:58,4,18.88,1,19.21,P,P,P
03/01/2013 11:17:58,4,18.87,3,18.95,N,N,N
03/01/2013 11:17:58,4,18.87,1,19.21,P,P,P
03/01/2013 11:17:59,1,18.88,3,18.95,N,N,N
03/01/2013 11:17:59,4,18.88,1,19.21,P,P,P
03/01/2013 11:17:59,4,18.87,3,18.95,N,N,N
03/01/2013 11:17:59,4,18.87,1,19.21,P,P,P
03/01/2013 11:18:00,1,18.88,3,18.95,N,N,N
03/01/2013 11:18:00,4,18.88,1,19.21,P,P,P
03/01/2013 11:18:00,4,18.87,3,18.95,N,N,N
03/01/2013 11:18:00,4,18.87,1,19.21,P,P,P
03/01/2013 11:18:04,1,18.88,3,18.95,N,N,N
03/01/2013 11:18:04,4,18.88,1,19.21,P,P,P
03/01/2013 11:18:04,4,18.87,3,18.95,N,N,N
03/01/2013 11:18:04,4,18.87,1,19.21,P,P,P
03/01/2013 11:18:06,1,18.88,3,18.95,N,N,N
03/01/2013 11:18:06,4,18.88,1,19.21,P,P,P
03/01/2013 11:18:06,4,18.87,3,18.95,N,N,N
03/01/2013 11:18:06,4,18.87,1,19.21,P,P,P
03/01/2013 11:18:10,1,18.88,3,18.95,N,N,N
03/01/2013 11:18:10,4,18.88,1,19.21,P,P,P
03/01/2013 11:18:10,4,18.87,3,18.95,N,N,N
03/01/2013 11:18:10,4,18.87,1,19.21,P,P,P
03/01/2013 11:18:11,1,18.88,3,18.95,N,N,N
03/01/2013 11:18:11,4,18.88,1,19.21,P,P,P
03/01/2013 11:18:11,4,18.87,3,18.95,N,N,N
03/01/2013 11:18:11,4,18.87,1,19.21,P,P,P
03/01/2013 11:18:13,1,18.88,3,18.95,N,N,N
03/01/2013 11:18:13,4,18.88,1,19.21,P,P,P
03/01/2013 11:18:13,4,18.87,3,18.95,N,N,N
03/01/2013 11:18:13,4,18.87,1,19.21,P,P,P
03/01/2013 11:18:14,1,18.88,3,18.95,N,N,N
03/01/2013 11:18:14,4,18.88,1,19.21,P,P,P
03/01/2013 11:18:14,4,18.87,3,18.95,N,N,N
03/01/2013 11:18:14,4,18.87,1,19.21,P,P,P
03/01/2013 11:18:15,1,18.88,3,18.95,N,N,N
03/01/2013 11:18:15,4,18.88,1,19.21,P,P,P
03/01/2013 11:18:15,4,18.87,3,18.95,N,N,N
03/01/2013 11:18:15,4,18.87,1,19.21,P,P,P
03/01/2013 11:18:16,1,18.88,3,18.95,N,N,N
03/01/2013 11:18:16,4,18.88,1,19.21,P,P,P
03/01/2013 11:18:16,4,18.87,3,18.95,N,N,N
03/01/2013 11:18:16,4,18.87,1,19.21,P,P,P
03/01/2013 11:18:17,1,18.88,3,18.95,N,N,N
03/01/2013 11:18:17,4,18.88,1,19.21,P,P,P
03/01/2013 11:18:17,4,18.87,3,18.95,N,N,N
03/01/2013 11:18:18,4,18.87,1,19.21,P,P,P
03/01/2013 11:18:19,1,18.88,3,18.95,N,N,N
03/01/2013 11:18:19,4,18.88,1,19.21,P,P,P
03/01/2013 11:18:19,4,18.87,3,18.95,N,N,N
03/01/2013 11:18:19,4,18.87,1,19.21,P,P,P
03/01/2013 11:18:20,1,18.88,3,18.95,N,N,N
03/01/2013 11:18:20,4,18.88,1,19.21,P,P,P
03/01/2013 11:18:20,4,18.87,3,18.95,N,N,N
03/01/2013 11:18:20,4,18.87,1,19.21,P,P,P
03/01/2013 11:18:21,1,18.88,3,18.95,N,N,N
03/01/2013 11:18:21,4,18.88,1,19.21,P,P,P
03/01/2013 11:18:21,4,18.87,3,18.95,N,N,N
03/01/2013 11:18:21,4,18.87,1,19.21,P,P,P
03/01/2013 11:18:22,1,18.88,3,18.95,N,N,N
03/01/2013 11:18:22,4,18.88,1,19.21,P,P,P
03/01/2013 11:18:22,4,18.87,3,18.95,N,N,N
03/01/2013 11:18:22,4,18.87,1,19.21,P,P,P
03/01/2013 11:18:23,1,18.88,3,18.95,N,N,N
03/01/2013 11:18:23,4,18.88,1,19.21,P,P,P
03/01/2013 11:18:24,4,18.87,3,18.95,N,N,N
03/01/2013 11:18:24,4,18.87,1,19.21,P,P,P
03/01/2013 11:18:25,1,18.88,3,18.95,N,N,N
03/01/2013 11:18:25,4,18.88,1,19.21,P,P,P
03/01/2013 11:18:25,4,18.87,3,18.95,N,N,N
03/01/2013 11:18:25,4,18.87,1,19.21,P,P,P
03/01/2013 11:18:26,1,18.88,3,18.95,N,N,N
03/01/2013 11:18:26,4,18.88,1,19.21,P,P,P
03/01/2013 11:18:26,4,18.87,3,18.95,N,N,N
03/01/2013 11:18:26,4,18.87,1,19.21,P,P,P
03/01/2013 11:18:27,1,18.88,3,18.95,N,N,N
03/01/2013 11:18:27,4,18.88,1,19.21,P,P,P
03/01/2013 11:18:27,4,18.87,3,18.95,N,N,N
03/01/2013 11:18:27,4,18.87,1,19.21,P,P,P
03/01/2013 11:18:28,1,18.88,3,18.95,N,N,N
03/01/2013 11:18:28,4,18.88,1,19.21,P,P,P
03/01/2013 11:18:28,4,18.87,3,18.95,N,N,N
03/01/2013 11:18:28,4,18.87,1,19.21,P,P,P
03/01/2013 11:18:30,1,18.88,3,18.95,N,N,N
03/01/2013 11:18:30,4,18.88,1,19.21,P,P,P
03/01/2013 11:18:30,4,18.87,3,18.95,N,N,N
03/01/2013 11:18:30,4,18.87,1,19.21,P,P,P
03/01/2013 11:18:31,1,18.88,3,18.95,N,N,N
03/01/2013 11:18:31,4,18.88,1,19.21,P,P,P
03/01/2013 11:18:31,4,18.87,3,18.95,N,N,N
03/01/2013 11:18:31,4,18.87,1,19.21,P,P,P
03/01/2013 11:18:32,1,18.88,3,18.95,N,N,N
03/01/2013 11:18:32,4,18.88,1,19.21,P,P,P
03/01/2013 11:18:32,4,18.87,3,18.95,N,N,N
03/01/2013 11:18:32,4,18.87,1,19.21,P,P,P
03/01/2013 11:18:33,1,18.88,3,18.95,N,N,N
03/01/2013 11:18:33,4,18.88,1,19.21,P,P,P
03/01/2013 11:18:33,4,18.87,3,18.95,N,N,N
03/01/2013 11:18:33,4,18.87,1,19.21,P,P,P
03/01/2013 11:18:34,1,18.88,3,18.95,N,N,N
03/01/2013 11:18:34,4,18.88,1,19.21,P,P,P
03/01/2013 11:18:34,4,18.87,3,18.95,N,N,N
03/01/2013 11:18:35,4,18.87,1,19.21,P,P,P
03/01/2013 11:18:36,1,18.88,3,18.95,N,N,N
03/01/2013 11:18:36,4,18.88,1,19.21,P,P,P
03/01/2013 11:18:36,4,18.87,3,18.95,N,N,N
03/01/2013 11:18:36,4,18.87,1,19.21,P,P,P
03/01/2013 11:18:37,1,18.88,3,18.95,N,N,N
03/01/2013 11:18:37,4,18.88,1,19.21,P,P,P
03/01/2013 11:18:37,4,18.87,3,18.95,N,N,N
03/01/2013 11:18:37,4,18.87,1,19.21,P,P,P
03/01/2013 11:18:38,1,18.88,3,18.95,N,N,N
03/01/2013 11:18:38,4,18.88,1,19.21,P,P,P
03/01/2013 11:18:38,4,18.87,3,18.95,N,N,N
03/01/2013 11:18:38,4,18.87,1,19.21,P,P,P
03/01/2013 11:18:39,1,18.88,3,18.95,N,N,N
03/01/2013 11:18:39,4,18.88,1,19.21,P,P,P
03/01/2013 11:18:39,4,18.87,3,18.95,N,N,N
03/01/2013 11:18:39,4,18.87,1,19.21,P,P,P
03/01/2013 11:18:40,1,18.88,3,18.95,N,N,N
03/01/2013 11:18:40,4,18.88,1,19.21,P,P,P
03/01/2013 11:18:41,4,18.87,3,18.95,N,N,N
03/01/2013 11:18:41,4,18.87,1,19.21,P,P,P
03/01/2013 11:18:42,1,18.88,3,18.95,N,N,N
03/01/2013 11:18:42,4,18.88,1,19.21,P,P,P
03/01/2013 11:18:42,4,18.87,3,18.95,N,N,N
03/01/2013 11:18:42,4,18.87,1,19.21,P,P,P
03/01/2013 11:18:43,1,18.88,3,18.95,N,N,N
03/01/2013 11:18:43,4,18.88,1,19.21,P,P,P
03/01/2013 11:18:43,4,18.87,3,18.95,N,N,N
03/01/2013 11:18:43,4,18.87,1,19.21,P,P,P
03/01/2013 11:18:53,1,18.88,3,18.95,N,N,N
03/01/2013 11:18:53,4,18.88,1,19.21,P,P,P
03/01/2013 11:18:53,4,18.87,3,18.95,N,N,N
03/01/2013 11:18:53,4,18.87,1,19.21,P,P,P
03/01/2013 11:18:54,1,18.88,3,18.95,N,N,N
03/01/2013 11:18:54,4,18.88,1,19.21,P,P,P
03/01/2013 11:18:54,4,18.87,3,18.95,N,N,N
03/01/2013 11:18:54,4,18.87,1,19.21,P,P,P
03/01/2013 11:18:55,1,18.88,3,18.95,N,N,N
03/01/2013 11:18:55,4,18.88,1,19.21,P,P,P
03/01/2013 11:18:55,4,18.87,3,18.95,N,N,N
03/01/2013 11:18:55,4,18.87,1,19.21,P,P,P
03/01/2013 11:18:56,1,18.88,3,18.95,N,N,N
03/01/2013 11:18:56,4,18.88,1,19.21,P,P,P
03/01/2013 11:18:56,4,18.87,3,18.95,N,N,N
03/01/2013 11:18:56,4,18.87,1,19.21,P,P,P
03/01/2013 11:18:57,1,18.88,3,18.95,N,N,N
03/01/2013 11:18:57,4,18.88,1,19.21,P,P,P
03/01/2013 11:18:58,4,18.87,3,18.95,N,N,N
03/01/2013 11:18:58,4,18.87,1,19.21,P,P,P
03/01/2013 11:18:59,1,18.88,3,18.95,N,N,N
03/01/2013 11:18:59,4,18.88,1,19.21,P,P,P
03/01/2013 11:18:59,4,18.87,3,18.95,N,N,N
03/01/2013 11:18:59,4,18.87,1,19.21,P,P,P
03/01/2013 11:19:01,1,18.88,3,18.95,N,N,N
03/01/2013 11:19:01,4,18.88,1,19.21,P,P,P
03/01/2013 11:19:01,4,18.87,3,18.95,N,N,N
03/01/2013 11:19:01,4,18.87,1,19.21,P,P,P
03/01/2013 11:19:03,1,18.88,3,18.95,N,N,N
03/01/2013 11:19:03,4,18.88,1,19.21,P,P,P
03/01/2013 11:19:03,4,18.87,3,18.95,N,N,N
03/01/2013 11:19:03,4,18.87,1,19.21,P,P,P
03/01/2013 11:19:04,1,18.88,3,18.95,N,N,N
03/01/2013 11:19:04,4,18.88,1,19.21,P,P,P
03/01/2013 11:19:04,4,18.87,3,18.95,N,N,N
03/01/2013 11:19:04,4,18.87,1,19.21,P,P,P
03/01/2013 11:19:15,1,18.88,3,18.95,N,N,N
03/01/2013 11:19:15,4,18.88,1,19.21,P,P,P
03/01/2013 11:19:15,4,18.87,3,18.95,N,N,N
03/01/2013 11:19:15,4,18.87,1,19.21,P,P,P
03/01/2013 11:19:16,1,18.88,3,18.95,N,N,N
03/01/2013 11:19:16,4,18.88,1,19.21,P,P,P
03/01/2013 11:19:16,4,18.87,3,18.95,N,N,N
03/01/2013 11:19:16,4,18.87,1,19.21,P,P,P
03/01/2013 11:19:17,1,18.88,3,18.95,N,N,N
03/01/2013 11:19:17,4,18.88,1,19.21,P,P,P
03/01/2013 11:19:17,4,18.87,3,18.95,N,N,N
03/01/2013 11:19:17,4,18.87,1,19.21,P,P,P
03/01/2013 11:19:18,1,18.88,3,18.95,N,N,N
03/01/2013 11:19:18,4,18.88,1,19.21,P,P,P
03/01/2013 11:19:18,4,18.87,3,18.95,N,N,N
03/01/2013 11:19:18,4,18.87,1,19.21,P,P,P
03/01/2013 11:19:22,1,18.88,3,18.95,N,N,N
03/01/2013 11:19:22,4,18.88,1,19.21,P,P,P
03/01/2013 11:19:22,4,18.87,3,18.95,N,N,N
03/01/2013 11:19:22,4,18.87,1,19.21,P,P,P
03/01/2013 11:19:24,1,18.88,3,18.95,N,N,N
03/01/2013 11:19:24,4,18.88,1,19.21,P,P,P
03/01/2013 11:19:24,4,18.87,3,18.95,N,N,N
03/01/2013 11:19:24,4,18.87,1,19.21,P,P,P
03/01/2013 11:19:25,1,18.88,3,18.95,N,N,N
03/01/2013 11:19:25,4,18.88,1,19.21,P,P,P
03/01/2013 11:19:25,4,18.87,3,18.95,N,N,N
03/01/2013 11:19:25,4,18.87,1,19.21,P,P,P
03/01/2013 11:19:26,1,18.88,3,18.95,N,N,N
03/01/2013 11:19:26,4,18.88,1,19.21,P,P,P
03/01/2013 11:19:26,4,18.87,3,18.95,N,N,N
03/01/2013 11:19:26,4,18.87,1,19.21,P,P,P
03/01/2013 11:19:27,1,18.88,3,18.95,N,N,N
03/01/2013 11:19:27,4,18.88,1,19.21,P,P,P
03/01/2013 11:19:28,4,18.87,3,18.95,N,N,N
03/01/2013 11:19:28,4,18.87,1,19.21,P,P,P
03/01/2013 11:19:29,1,18.88,3,18.95,N,N,N
03/01/2013 11:19:29,4,18.88,1,19.21,P,P,P
03/01/2013 11:19:29,4,18.87,3,18.95,N,N,N
03/01/2013 11:19:29,4,18.87,1,19.21,P,P,P
03/01/2013 11:19:30,1,18.88,3,18.95,N,N,N
03/01/2013 11:19:30,4,18.88,1,19.21,P,P,P
03/01/2013 11:19:30,4,18.87,3,18.95,N,N,N
03/01/2013 11:19:30,4,18.87,1,19.21,P,P,P
03/01/2013 11:19:37,1,18.88,3,18.95,N,N,N
03/01/2013 11:19:37,4,18.88,1,19.21,P,P,P
03/01/2013 11:19:37,4,18.87,3,18.95,N,N,N
03/01/2013 11:19:37,4,18.87,1,19.21,P,P,P
03/01/2013 11:19:38,1,18.88,3,18.95,N,N,N
03/01/2013 11:19:38,4,18.88,1,19.21,P,P,P
03/01/2013 11:19:38,4,18.87,3,18.95,N,N,N
03/01/2013 11:19:38,4,18.87,1,19.21,P,P,P
03/01/2013 11:19:39,1,18.88,3,18.95,N,N,N
03/01/2013 11:19:39,4,18.88,1,19.21,P,P,P
03/01/2013 11:19:39,4,18.87,3,18.95,N,N,N
03/01/2013 11:19:39,4,18.87,1,19.21,P,P,P
03/01/2013 11:19:40,1,18.88,3,18.95,N,N,N
03/01/2013 11:19:40,4,18.88,1,19.21,P,P,P
03/01/2013 11:19:40,4,18.87,3,18.95,N,N,N
03/01/2013 11:19:40,4,18.87,1,19.21,P,P,P
03/01/2013 11:19:41,1,18.88,3,18.95,N,N,N
03/01/2013 11:19:41,4,18.88,1,19.21,P,P,P
03/01/2013 11:19:41,4,18.87,3,18.95,N,N,N
03/01/2013 11:19:42,4,18.87,1,19.21,P,P,P
03/01/2013 11:19:43,1,18.88,3,18.95,N,N,N
03/01/2013 11:19:43,4,18.88,1,19.21,P,P,P
03/01/2013 11:19:43,4,18.87,3,18.95,N,N,N
03/01/2013 11:19:43,4,18.87,1,19.21,P,P,P
03/01/2013 11:19:44,1,18.88,3,18.95,N,N,N
03/01/2013 11:19:44,4,18.88,1,19.21,P,P,P
03/01/2013 11:19:44,4,18.87,3,18.95,N,N,N
03/01/2013 11:19:44,4,18.87,1,19.21,P,P,P
03/01/2013 11:19:45,1,18.88,3,18.95,N,N,N
03/01/2013 11:19:45,4,18.88,1,19.21,P,P,P
03/01/2013 11:19:45,4,18.87,3,18.95,N,N,N
03/01/2013 11:19:45,4,18.87,1,19.21,P,P,P
03/01/2013 11:19:46,1,18.88,3,18.95,N,N,N
03/01/2013 11:19:46,4,18.88,1,19.21,P,P,P
03/01/2013 11:19:46,4,18.87,3,18.95,N,N,N
03/01/2013 11:19:46,4,18.87,1,19.21,P,P,P
03/01/2013 11:19:47,1,18.88,3,18.95,N,N,N
03/01/2013 11:19:47,4,18.88,1,19.21,P,P,P
03/01/2013 11:19:48,4,18.87,3,18.95,N,N,N
03/01/2013 11:19:48,4,18.87,1,19.21,P,P,P
03/01/2013 11:19:49,1,18.88,3,18.95,N,N,N
03/01/2013 11:19:49,4,18.88,1,19.21,P,P,P
03/01/2013 11:19:49,4,18.87,3,18.95,N,N,N
03/01/2013 11:19:49,4,18.87,1,19.21,P,P,P
03/01/2013 11:19:50,1,18.88,3,18.95,N,N,N
03/01/2013 11:19:50,4,18.88,1,19.21,P,P,P
03/01/2013 11:19:50,4,18.87,3,18.95,N,N,N
03/01/2013 11:19:50,4,18.87,1,19.21,P,P,P
03/01/2013 11:19:51,1,18.88,3,18.95,N,N,N
03/01/2013 11:19:51,4,18.88,1,19.21,P,P,P
03/01/2013 11:19:51,4,18.87,3,18.95,N,N,N
03/01/2013 11:19:51,4,18.87,1,19.21,P,P,P
03/01/2013 11:19:52,1,18.88,3,18.95,N,N,N
03/01/2013 11:19:52,4,18.88,1,19.21,P,P,P
03/01/2013 11:19:52,4,18.87,3,18.95,N,N,N
03/01/2013 11:19:52,4,18.87,1,19.21,P,P,P
03/01/2013 11:19:53,1,18.88,3,18.95,N,N,N
03/01/2013 11:19:54,4,18.88,1,19.21,P,P,P
03/01/2013 11:19:54,4,18.87,3,18.95,N,N,N
03/01/2013 11:19:54,4,18.87,1,19.21,P,P,P
03/01/2013 11:19:55,1,18.88,3,18.95,N,N,N
03/01/2013 11:19:55,4,18.88,1,19.21,P,P,P
03/01/2013 11:19:55,4,18.87,3,18.95,N,N,N
03/01/2013 11:19:55,4,18.87,1,19.21,P,P,P
03/01/2013 11:19:56,1,18.88,3,18.95,N,N,N
03/01/2013 11:19:56,4,18.88,1,19.21,P,P,P
03/01/2013 11:19:56,4,18.87,3,18.95,N,N,N
03/01/2013 11:19:56,4,18.87,1,19.21,P,P,P
03/01/2013 11:19:57,1,18.88,3,18.95,N,N,N
03/01/2013 11:19:57,4,18.88,1,19.21,P,P,P
03/01/2013 11:19:57,4,18.87,3,18.95,N,N,N
03/01/2013 11:19:57,4,18.87,1,19.21,P,P,P
03/01/2013 11:19:58,1,18.88,3,18.95,N,N,N
03/01/2013 11:19:58,4,18.88,1,19.21,P,P,P
03/01/2013 11:19:58,4,18.87,3,18.95,N,N,N
03/01/2013 11:19:58,4,18.87,1,19.21,P,P,P
03/01/2013 11:20:00,1,18.88,3,18.95,N,N,N
03/01/2013 11:20:00,4,18.88,1,19.21,P,P,P
03/01/2013 11:20:00,4,18.87,3,18.95,N,N,N
03/01/2013 11:20:00,4,18.87,1,19.21,P,P,P
03/01/2013 11:20:01,1,18.88,3,18.95,N,N,N
03/01/2013 11:20:01,4,18.88,1,19.21,P,P,P
03/01/2013 11:20:01,4,18.87,3,18.95,N,N,N
03/01/2013 11:20:01,4,18.87,1,19.21,P,P,P
03/01/2013 11:20:02,1,18.88,3,18.95,N,N,N
03/01/2013 11:20:02,4,18.88,1,19.21,P,P,P
03/01/2013 11:20:02,4,18.87,3,18.95,N,N,N
03/01/2013 11:20:02,4,18.87,1,19.21,P,P,P
03/01/2013 11:20:03,1,18.88,3,18.95,N,N,N
03/01/2013 11:20:03,4,18.88,1,19.21,P,P,P
03/01/2013 11:20:03,4,18.87,3,18.95,N,N,N
03/01/2013 11:20:03,4,18.87,1,19.21,P,P,P
03/01/2013 11:20:04,1,18.88,3,18.95,N,N,N
03/01/2013 11:20:04,4,18.88,1,19.21,P,P,P
03/01/2013 11:20:05,4,18.87,3,18.95,N,N,N
03/01/2013 11:20:05,4,18.87,1,19.21,P,P,P
03/01/2013 11:20:06,1,18.88,3,18.95,N,N,N
03/01/2013 11:20:06,4,18.88,1,19.21,P,P,P
03/01/2013 11:20:06,4,18.87,3,18.95,N,N,N
03/01/2013 11:20:06,4,18.87,1,19.21,P,P,P
03/01/2013 11:20:07,1,18.88,3,18.95,N,N,N
03/01/2013 11:20:07,4,18.88,1,19.21,P,P,P
03/01/2013 11:20:07,4,18.87,3,18.95,N,N,N
03/01/2013 11:20:07,4,18.87,1,19.21,P,P,P
03/01/2013 11:20:13,1,18.88,3,18.95,N,N,N
03/01/2013 11:20:13,4,18.88,1,19.21,P,P,P
03/01/2013 11:20:13,4,18.87,3,18.95,N,N,N
03/01/2013 11:20:13,4,18.87,1,19.21,P,P,P
03/01/2013 11:20:14,1,18.88,3,18.95,N,N,N
03/01/2013 11:20:14,4,18.88,1,19.21,P,P,P
03/01/2013 11:20:14,4,18.87,3,18.95,N,N,N
03/01/2013 11:20:14,4,18.87,1,19.21,P,P,P
03/01/2013 11:20:16,1,18.88,3,18.95,N,N,N
03/01/2013 11:20:16,4,18.88,1,19.21,P,P,P
03/01/2013 11:20:16,4,18.87,3,18.95,N,N,N
03/01/2013 11:20:16,4,18.87,1,19.21,P,P,P
03/01/2013 11:20:17,1,18.88,3,18.95,N,N,N
03/01/2013 11:20:17,4,18.88,1,19.21,P,P,P
03/01/2013 11:20:17,4,18.87,3,18.95,N,N,N
03/01/2013 11:20:17,4,18.87,1,19.21,P,P,P
03/01/2013 11:20:18,1,18.88,3,18.95,N,N,N
03/01/2013 11:20:18,4,18.88,1,19.21,P,P,P
03/01/2013 11:20:18,4,18.87,3,18.95,N,N,N
03/01/2013 11:20:18,4,18.87,1,19.21,P,P,P
03/01/2013 11:20:19,1,18.88,3,18.95,N,N,N
03/01/2013 11:20:19,4,18.88,1,19.21,P,P,P
03/01/2013 11:20:19,4,18.87,3,18.95,N,N,N
03/01/2013 11:20:19,4,18.87,1,19.21,P,P,P
03/01/2013 11:20:20,1,18.88,3,18.95,N,N,N
03/01/2013 11:20:20,4,18.88,1,19.21,P,P,P
03/01/2013 11:20:20,4,18.87,3,18.95,N,N,N
03/01/2013 11:20:21,4,18.87,1,19.21,P,P,P
03/01/2013 11:20:22,1,18.88,3,18.95,N,N,N
03/01/2013 11:20:22,4,18.88,1,19.21,P,P,P
03/01/2013 11:20:22,4,18.87,3,18.95,N,N,N
03/01/2013 11:20:22,4,18.87,1,19.21,P,P,P
03/01/2013 11:20:23,1,18.88,3,18.95,N,N,N
03/01/2013 11:20:23,4,18.88,1,19.21,P,P,P
03/01/2013 11:20:23,4,18.87,3,18.95,N,N,N
03/01/2013 11:20:23,4,18.87,1,19.21,P,P,P
03/01/2013 11:20:24,1,18.88,3,18.95,N,N,N
03/01/2013 11:20:24,4,18.88,1,19.21,P,P,P
03/01/2013 11:20:24,4,18.87,3,18.95,N,N,N
03/01/2013 11:20:24,4,18.87,1,19.21,P,P,P
03/01/2013 11:20:25,1,18.88,3,18.95,N,N,N
03/01/2013 11:20:25,4,18.88,1,19.21,P,P,P
03/01/2013 11:20:25,4,18.87,3,18.95,N,N,N
03/01/2013 11:20:25,4,18.87,1,19.21,P,P,P
03/01/2013 11:20:26,1,18.88,3,18.95,N,N,N
03/01/2013 11:20:26,4,18.88,1,19.21,P,P,P
03/01/2013 11:20:27,4,18.87,3,18.95,N,N,N
03/01/2013 11:20:27,4,18.87,1,19.21,P,P,P
03/01/2013 11:20:28,1,18.88,3,18.95,N,N,N
03/01/2013 11:20:28,4,18.88,1,19.21,P,P,P
03/01/2013 11:20:28,4,18.87,3,18.95,N,N,N
03/01/2013 11:20:28,4,18.87,1,19.21,P,P,P
03/01/2013 11:20:29,1,18.88,3,18.95,N,N,N
03/01/2013 11:20:29,4,18.88,1,19.21,P,P,P
03/01/2013 11:20:29,4,18.87,3,18.95,N,N,N
03/01/2013 11:20:29,4,18.87,1,19.21,P,P,P
03/01/2013 11:20:35,1,18.88,3,18.95,N,N,N
03/01/2013 11:20:35,4,18.88,1,19.21,P,P,P
03/01/2013 11:20:35,4,18.87,3,18.95,N,N,N
03/01/2013 11:20:35,4,18.87,1,19.21,P,P,P
03/01/2013 11:20:36,1,18.88,3,18.95,N,N,N
03/01/2013 11:20:36,4,18.88,1,19.21,P,P,P
03/01/2013 11:20:36,4,18.87,3,18.95,N,N,N
03/01/2013 11:20:36,4,18.87,1,19.21,P,P,P
03/01/2013 11:20:37,1,18.88,3,18.95,N,N,N
03/01/2013 11:20:37,4,18.88,1,19.21,P,P,P
03/01/2013 11:20:38,4,18.87,3,18.95,N,N,N
03/01/2013 11:20:38,4,18.87,1,19.21,P,P,P
03/01/2013 11:20:39,1,18.88,3,18.95,N,N,N
03/01/2013 11:20:39,4,18.88,1,19.21,P,P,P
03/01/2013 11:20:39,4,18.87,3,18.95,N,N,N
03/01/2013 11:20:39,4,18.87,1,19.21,P,P,P
03/01/2013 11:20:40,1,18.88,3,18.95,N,N,N
03/01/2013 11:20:40,4,18.88,1,19.21,P,P,P
03/01/2013 11:20:40,4,18.87,3,18.95,N,N,N
03/01/2013 11:20:40,4,18.87,1,19.21,P,P,P
03/01/2013 11:20:41,1,18.88,3,18.95,N,N,N
03/01/2013 11:20:41,4,18.88,1,19.21,P,P,P
03/01/2013 11:20:41,4,18.87,3,18.95,N,N,N
03/01/2013 11:20:41,4,18.87,1,19.21,P,P,P
03/01/2013 11:20:42,1,18.88,3,18.95,N,N,N
03/01/2013 11:20:42,4,18.88,1,19.21,P,P,P
03/01/2013 11:20:42,4,18.87,3,18.95,N,N,N
03/01/2013 11:20:42,4,18.87,1,19.21,P,P,P
03/01/2013 11:21:05,1,18.81,1,18.95,B,B,B
03/01/2013 11:21:07,5,18.87,1,19.21,P,P,P
03/01/2013 11:21:07,4,18.87,1,18.92,N,N,N
03/01/2013 11:21:07,1,18.82,1,18.95,B,B,B
03/01/2013 11:21:07,1,18.82,1,18.97,B,B,B
03/01/2013 11:21:27,1,18.88,1,18.92,N,N,N
03/01/2013 11:21:27,1,18.84,1,18.97,B,B,B
03/01/2013 11:21:27,1,18.84,1,18.99,B,B,B
03/01/2013 11:21:27,4,18.88,1,19.21,P,P,P
03/01/2013 11:21:27,4,18.87,1,18.92,N,N,N
03/01/2013 11:21:27,1,18.82,1,18.99,B,B,B
03/01/2013 11:21:27,1,18.82,1,18.97,B,B,B
03/01/2013 11:21:27,5,18.87,1,19.21,P,P,P
03/01/2013 11:21:28,1,18.88,1,18.92,N,N,N
03/01/2013 11:21:28,1,18.82,1,18.99,B,B,B
03/01/2013 11:21:28,1,18.84,1,18.99,B,B,B
03/01/2013 11:21:28,4,18.88,1,19.21,P,P,P
03/01/2013 11:21:28,4,18.87,1,18.92,N,N,N
03/01/2013 11:21:28,1,18.82,1,18.99,B,B,B
03/01/2013 11:21:28,1,18.82,1,18.97,B,B,B
03/01/2013 11:21:28,5,18.87,1,19.21,P,P,P
03/01/2013 11:21:32,1,18.88,1,18.92,N,N,N
03/01/2013 11:21:32,1,18.84,1,18.97,B,B,B
03/01/2013 11:21:32,1,18.84,1,18.99,B,B,B
03/01/2013 11:21:32,4,18.88,1,19.21,P,P,P
03/01/2013 11:21:32,4,18.87,1,18.92,N,N,N
03/01/2013 11:21:32,1,18.84,1,18.97,B,B,B
03/01/2013 11:21:32,1,18.82,1,18.97,B,B,B
03/01/2013 11:21:32,5,18.87,1,19.21,P,P,P
03/01/2013 11:21:39,1,18.82,1,18.96,B,B,B
03/01/2013 11:21:41,1,18.88,1,18.92,N,N,N
03/01/2013 11:21:41,1,18.82,1,18.98,B,B,B
03/01/2013 11:21:41,1,18.83,1,18.98,B,B,B
03/01/2013 11:21:41,4,18.88,1,19.21,P,P,P
03/01/2013 11:21:41,4,18.87,1,18.92,N,N,N
03/01/2013 11:21:41,1,18.83,1,18.97,B,B,B
03/01/2013 11:21:41,1,18.82,1,18.97,B,B,B
03/01/2013 11:21:41,5,18.87,1,19.21,P,P,P
03/01/2013 11:21:41,1,18.82,1,18.96,B,B,B
03/01/2013 11:21:42,1,18.88,1,18.92,N,N,N
03/01/2013 11:21:42,1,18.83,1,18.96,B,B,B
03/01/2013 11:21:42,1,18.83,1,18.98,B,B,B
03/01/2013 11:21:42,4,18.88,1,19.21,P,P,P
03/01/2013 11:21:42,4,18.87,1,18.92,N,N,N
03/01/2013 11:21:42,1,18.82,1,18.98,B,B,B
03/01/2013 11:21:42,1,18.82,1,18.96,B,B,B
03/01/2013 11:21:42,5,18.87,1,19.21,P,P,P
03/01/2013 11:21:43,1,18.88,1,18.92,N,N,N
03/01/2013 11:21:43,1,18.82,1,18.98,B,B,B
03/01/2013 11:21:43,1,18.83,1,18.98,B,B,B
03/01/2013 11:21:43,4,18.88,1,19.21,P,P,P
03/01/2013 11:21:43,4,18.87,1,18.92,N,N,N
03/01/2013 11:21:43,1,18.82,1,18.98,B,B,B
03/01/2013 11:21:43,1,18.82,1,18.97,B,B,B
03/01/2013 11:21:43,1,18.82,1,18.96,B,B,B
03/01/2013 11:21:43,5,18.87,1,19.21,P,P,P
03/01/2013 11:21:45,1,18.88,1,18.92,N,N,N
03/01/2013 11:21:45,1,18.82,1,18.98,B,B,B
03/01/2013 11:21:45,1,18.83,1,18.98,B,B,B
03/01/2013 11:21:45,4,18.88,1,19.21,P,P,P
03/01/2013 11:21:45,4,18.87,1,18.92,N,N,N
03/01/2013 11:21:45,1,18.82,1,18.98,B,B,B
03/01/2013 11:21:45,1,18.82,1,18.96,B,B,B
03/01/2013 11:21:45,5,18.87,1,19.21,P,P,P
03/01/2013 11:24:39,1,18.81,1,18.96,B,B,B
03/01/2013 11:25:17,1,18.81,1,18.95,B,B,B
03/01/2013 11:25:48,1,18.81,1,18.96,B,B,B
03/01/2013 11:27:08,1,18.81,1,18.95,B,B,B
03/01/2013 11:28:26,1,18.82,1,18.95,B,B,B
03/01/2013 11:28:26,1,18.82,1,18.96,B,B,B
03/01/2013 11:29:33,1,18.82,1,18.97,B,B,B
03/01/2013 11:29:39,1,18.83,1,18.97,B,B,B
03/01/2013 11:30:19,1,18.82,1,18.97,B,B,B
03/01/2013 11:30:37,1,18.83,1,18.97,B,B,B
03/01/2013 11:31:44,1,18.82,1,18.97,B,B,B
03/01/2013 11:31:52,1,18.82,1,18.96,B,B,B
03/01/2013 11:34:32,4,18.87,3,18.95,N,N,N
03/01/2013 11:34:32,1,18.88,3,18.95,N,N,N
03/01/2013 11:34:32,1,18.85,1,18.96,B,B,B
03/01/2013 11:34:32,1,18.85,1,19,B,B,B
03/01/2013 11:34:32,1,18.82,1,19,B,B,B
03/01/2013 11:34:32,1,18.8,1,19,Z,Z,Z
03/01/2013 11:34:32,5,18.87,1,18.95,P,P,P
03/01/2013 11:34:32,1,18.8,1,18.92,Z,Z,Z
03/01/2013 11:34:32,1,18.8,1,19,Z,Z,Z
03/01/2013 11:34:32,5,18.87,1,19.21,P,P,P
03/01/2013 11:34:32,4,18.88,1,19.21,P,P,P
03/01/2013 11:34:32,1,18.8,1,18.92,Z,Z,Z
03/01/2013 11:34:32,1,18.82,1,18.97,B,B,B
03/01/2013 11:34:32,4,18.87,3,18.95,N,N,N
03/01/2013 11:34:32,1,18.83,1,18.97,B,B,B
03/01/2013 11:34:32,5,18.87,1,19.21,P,P,P
03/01/2013 11:34:33,1,18.8,1,19,Z,Z,Z
03/01/2013 11:34:33,1,18.88,3,18.95,N,N,N
03/01/2013 11:34:33,5,18.87,1,18.95,P,P,P
03/01/2013 11:34:33,1,18.8,1,18.92,Z,Z,Z
03/01/2013 11:34:33,5,18.87,1,19.21,P,P,P
03/01/2013 11:34:33,4,18.88,1,19.21,P,P,P
03/01/2013 11:34:33,4,18.87,3,18.95,N,N,N
03/01/2013 11:34:33,5,18.87,1,19.21,P,P,P
03/01/2013 11:34:35,1,18.8,1,19,Z,Z,Z
03/01/2013 11:34:35,1,18.88,3,18.95,N,N,N
03/01/2013 11:34:35,5,18.87,1,18.95,P,P,P
03/01/2013 11:34:35,1,18.8,1,18.92,Z,Z,Z
03/01/2013 11:34:35,1,18.8,1,19,Z,Z,Z
03/01/2013 11:34:35,1,18.8,1,18.92,Z,Z,Z
03/01/2013 11:34:35,5,18.87,1,19.21,P,P,P
03/01/2013 11:34:35,4,18.88,1,19.21,P,P,P
03/01/2013 11:34:35,4,18.87,3,18.95,N,N,N
03/01/2013 11:34:35,5,18.87,1,19.21,P,P,P
03/01/2013 11:34:36,1,18.8,1,19,Z,Z,Z
03/01/2013 11:34:36,1,18.8,1,18.92,Z,Z,Z
03/01/2013 11:34:36,5,18.87,1,18.95,P,P,P
03/01/2013 11:34:36,5,18.87,1,19.21,P,P,P
03/01/2013 11:35:27,0,0,1,18.97,B,B,B
03/01/2013 11:35:27,0,0,1,18.96,B,B,B
03/01/2013 11:36:05,0,0,1,18.95,B,B,B
03/01/2013 11:36:38,0,0,1,18.96,B,B,B
03/01/2013 11:38:35,0,0,1,18.95,B,B,B
03/01/2013 11:40:24,0,0,1,18.96,B,B,B
03/01/2013 11:40:42,5,18.87,1,18.92,P,P,P
03/01/2013 11:42:10,0,0,1,18.97,B,B,B
03/01/2013 11:42:59,0,0,1,18.96,B,B,B
03/01/2013 11:43:09,0,0,1,18.97,B,B,B
03/01/2013 11:43:39,0,0,1,18.96,B,B,B
03/01/2013 11:45:12,5,18.87,1,19.21,P,P,P
03/01/2013 11:45:12,1,18.88,3,18.95,N,N,N
03/01/2013 11:45:12,4,18.88,1,19.21,P,P,P
03/01/2013 11:45:12,4,18.87,3,18.95,N,N,N
03/01/2013 11:45:12,0,0,1,18.95,B,B,B
03/01/2013 11:45:12,5,18.87,1,19.21,P,P,P
03/01/2013 11:48:51,2,18.6,1,18.97,K,K,K
03/01/2013 11:50:03,5,18.87,1,18.92,P,P,P
03/01/2013 11:53:49,1,18.88,3,18.95,N,N,N
03/01/2013 11:53:50,4,18.88,1,18.92,P,P,P
03/01/2013 11:53:50,4,18.87,3,18.95,N,N,N
03/01/2013 11:53:50,5,18.87,1,18.92,P,P,P
03/01/2013 11:53:54,1,18.88,3,18.95,N,N,N
03/01/2013 11:53:54,4,18.88,1,18.92,P,P,P
03/01/2013 11:53:54,4,18.87,3,18.95,N,N,N
03/01/2013 11:53:54,5,18.87,1,18.92,P,P,P
03/01/2013 11:53:56,1,18.88,3,18.95,N,N,N
03/01/2013 11:53:56,4,18.88,1,18.92,P,P,P
03/01/2013 11:53:56,4,18.87,3,18.95,N,N,N
03/01/2013 11:53:56,5,18.87,1,18.92,P,P,P
03/01/2013 11:53:57,1,18.88,3,18.95,N,N,N
03/01/2013 11:53:57,4,18.88,1,18.92,P,P,P
03/01/2013 11:53:57,4,18.87,3,18.95,N,N,N
03/01/2013 11:53:57,5,18.87,1,18.92,P,P,P
03/01/2013 11:54:04,1,18.88,3,18.95,N,N,N
03/01/2013 11:54:04,4,18.88,1,18.92,P,P,P
03/01/2013 11:54:04,4,18.87,3,18.95,N,N,N
03/01/2013 11:54:04,5,18.87,1,18.92,P,P,P
03/01/2013 11:54:05,1,18.88,3,18.95,N,N,N
03/01/2013 11:54:05,4,18.88,1,18.92,P,P,P
03/01/2013 11:54:05,4,18.87,3,18.95,N,N,N
03/01/2013 11:54:05,5,18.87,1,18.92,P,P,P
03/01/2013 11:54:07,1,18.88,3,18.95,N,N,N
03/01/2013 11:54:07,4,18.88,1,18.92,P,P,P
03/01/2013 11:54:07,4,18.87,3,18.95,N,N,N
03/01/2013 11:54:07,5,18.87,1,18.92,P,P,P
03/01/2013 11:54:08,1,18.88,3,18.95,N,N,N
03/01/2013 11:54:08,4,18.88,1,18.92,P,P,P
03/01/2013 11:54:08,4,18.87,3,18.95,N,N,N
03/01/2013 11:54:08,5,18.87,1,18.92,P,P,P
03/01/2013 11:54:09,1,18.88,3,18.95,N,N,N
03/01/2013 11:54:09,4,18.88,1,18.92,P,P,P
03/01/2013 11:54:09,4,18.87,3,18.95,N,N,N
03/01/2013 11:54:09,5,18.87,1,18.92,P,P,P
03/01/2013 11:54:10,1,18.88,3,18.95,N,N,N
03/01/2013 11:54:10,4,18.88,1,18.92,P,P,P
03/01/2013 11:54:10,4,18.87,3,18.95,N,N,N
03/01/2013 11:54:10,5,18.87,1,18.92,P,P,P
03/01/2013 11:54:11,1,18.88,3,18.95,N,N,N
03/01/2013 11:54:11,4,18.88,1,18.92,P,P,P
03/01/2013 11:54:11,4,18.87,3,18.95,N,N,N
03/01/2013 11:54:12,5,18.87,1,18.92,P,P,P
03/01/2013 11:54:13,1,18.88,3,18.95,N,N,N
03/01/2013 11:54:13,4,18.88,1,18.92,P,P,P
03/01/2013 11:54:13,4,18.87,3,18.95,N,N,N
03/01/2013 11:54:13,5,18.87,1,18.92,P,P,P
03/01/2013 11:54:14,1,18.88,3,18.95,N,N,N
03/01/2013 11:54:14,4,18.88,1,18.92,P,P,P
03/01/2013 11:54:14,4,18.87,3,18.95,N,N,N
03/01/2013 11:54:14,5,18.87,1,18.92,P,P,P
03/01/2013 11:54:15,1,18.88,3,18.95,N,N,N
03/01/2013 11:54:15,4,18.88,1,18.92,P,P,P
03/01/2013 11:54:15,4,18.87,3,18.95,N,N,N
03/01/2013 11:54:15,5,18.87,1,18.92,P,P,P
03/01/2013 11:54:16,1,18.88,3,18.95,N,N,N
03/01/2013 11:54:16,4,18.88,1,18.92,P,P,P
03/01/2013 11:54:16,4,18.87,3,18.95,N,N,N
03/01/2013 11:54:16,5,18.87,1,18.92,P,P,P
03/01/2013 11:54:17,1,18.88,3,18.95,N,N,N
03/01/2013 11:54:17,4,18.88,1,18.92,P,P,P
03/01/2013 11:54:18,4,18.87,3,18.95,N,N,N
03/01/2013 11:54:18,5,18.87,1,18.92,P,P,P
03/01/2013 11:54:21,1,18.88,3,18.95,N,N,N
03/01/2013 11:54:21,4,18.88,1,18.92,P,P,P
03/01/2013 11:54:21,4,18.87,3,18.95,N,N,N
03/01/2013 11:54:21,5,18.87,1,18.92,P,P,P
03/01/2013 11:54:22,1,18.88,3,18.95,N,N,N
03/01/2013 11:54:22,4,18.88,1,18.92,P,P,P
03/01/2013 11:54:22,4,18.87,3,18.95,N,N,N
03/01/2013 11:54:22,5,18.87,1,18.92,P,P,P
03/01/2013 11:54:23,1,18.88,3,18.95,N,N,N
03/01/2013 11:54:23,4,18.88,1,18.92,P,P,P
03/01/2013 11:54:24,4,18.87,3,18.95,N,N,N
03/01/2013 11:54:24,5,18.87,1,18.92,P,P,P
03/01/2013 11:54:28,1,18.88,3,18.95,N,N,N
03/01/2013 11:54:28,4,18.88,1,18.92,P,P,P
03/01/2013 11:54:28,4,18.87,3,18.95,N,N,N
03/01/2013 11:54:28,5,18.87,1,18.92,P,P,P
03/01/2013 11:54:29,1,18.88,3,18.95,N,N,N
03/01/2013 11:54:29,4,18.88,1,18.92,P,P,P
03/01/2013 11:54:29,4,18.87,3,18.95,N,N,N
03/01/2013 11:54:29,5,18.87,1,18.92,P,P,P
03/01/2013 11:54:32,1,18.88,3,18.95,N,N,N
03/01/2013 11:54:33,4,18.88,1,18.92,P,P,P
03/01/2013 11:54:33,4,18.87,3,18.95,N,N,N
03/01/2013 11:54:33,5,18.87,1,18.92,P,P,P
03/01/2013 11:54:34,1,18.88,3,18.95,N,N,N
